,index,ExecutionTime,ExecutionTimeUTC,ISIN,PublicationTime,PublicationTimeUTC,CCY,Venueofexecution(MICCode),Venueofpublication(MICCode),Pricenotation,Transactiontobecleared,MMTFlags,TransactionIDCode,Price,Volume,Buyer,Seller,Tradetype
0,12666,2021-03-23 09:00:03,2021-03-23T08:00:03.847000Z,SE0000310336,2021-03-23 09:00:03,2021-03-23T08:00:03.847000Z,SEK,XSTO,XSTO,MonetaryAmount,N,1O-------PH---,000018760,663.4,22,,,
1,12665,2021-03-23 09:00:03,2021-03-23T08:00:03.847000Z,SE0000310336,2021-03-23 09:00:03,2021-03-23T08:00:03.847000Z,SEK,XSTO,XSTO,MonetaryAmount,N,1O-------PH---,000018761,663.4,53,,,
2,12664,2021-03-23 09:00:03,2021-03-23T08:00:03.847000Z,SE0000310336,2021-03-23 09:00:03,2021-03-23T08:00:03.847000Z,SEK,XSTO,XSTO,MonetaryAmount,N,1O-------PH---,000018762,663.4,3,,,
3,12663,2021-03-23 09:00:03,2021-03-23T08:00:03.847000Z,SE0000310336,2021-03-23 09:00:03,2021-03-23T08:00:03.847000Z,SEK,XSTO,XSTO,MonetaryAmount,N,1O-------P----,000018763,663.4,1,,,
4,12662,2021-03-23 09:00:03,2021-03-23T08:00:03.847000Z,SE0000310336,2021-03-23 09:00:03,2021-03-23T08:00:03.850000Z,SEK,XSTO,XSTO,MonetaryAmount,N,1O-------P----,000018764,663.4,6,,,
5,12661,2021-03-23 09:00:03,2021-03-23T08:00:03.847000Z,SE0000310336,2021-03-23 09:00:03,2021-03-23T08:00:03.850000Z,SEK,XSTO,XSTO,MonetaryAmount,N,1O-------P----,000018765,663.4,66,,,
6,12660,2021-03-23 09:00:03,2021-03-23T08:00:03.847000Z,SE0000310336,2021-03-23 09:00:03,2021-03-23T08:00:03.850000Z,SEK,XSTO,XSTO,MonetaryAmount,N,1O-------P----,000018766,663.4,4,,,
7,12659,2021-03-23 09:00:03,2021-03-23T08:00:03.847000Z,SE0000310336,2021-03-23 09:00:03,2021-03-23T08:00:03.850000Z,SEK,XSTO,XSTO,MonetaryAmount,N,1O-------PH---,000018767,663.4,37,,,
8,12658,2021-03-23 09:00:03,2021-03-23T08:00:03.847000Z,SE0000310336,2021-03-23 09:00:03,2021-03-23T08:00:03.850000Z,SEK,XSTO,XSTO,MonetaryAmount,N,1O-------PH---,000018768,663.4,25,,,
9,12657,2021-03-23 09:00:03,2021-03-23T08:00:03.847000Z,SE0000310336,2021-03-23 09:00:03,2021-03-23T08:00:03.850000Z,SEK,XSTO,XSTO,MonetaryAmount,N,1O-------PH---,000018769,663.4,18,,,
10,12656,2021-03-23 09:00:03,2021-03-23T08:00:03.847000Z,SE0000310336,2021-03-23 09:00:03,2021-03-23T08:00:03.850000Z,SEK,XSTO,XSTO,MonetaryAmount,N,1O-------PH---,000018770,663.4,4,,,
11,12655,2021-03-23 09:00:03,2021-03-23T08:00:03.847000Z,SE0000310336,2021-03-23 09:00:03,2021-03-23T08:00:03.850000Z,SEK,XSTO,XSTO,MonetaryAmount,N,1O-------PH---,000018771,663.4,3,,,
12,12654,2021-03-23 09:00:03,2021-03-23T08:00:03.847000Z,SE0000310336,2021-03-23 09:00:03,2021-03-23T08:00:03.850000Z,SEK,XSTO,XSTO,MonetaryAmount,N,1O-------PH---,000018772,663.4,9,,,
13,12653,2021-03-23 09:00:03,2021-03-23T08:00:03.847000Z,SE0000310336,2021-03-23 09:00:03,2021-03-23T08:00:03.850000Z,SEK,XSTO,XSTO,MonetaryAmount,N,1O-------PH---,000018773,663.4,58,,,
14,12652,2021-03-23 09:00:03,2021-03-23T08:00:03.847000Z,SE0000310336,2021-03-23 09:00:03,2021-03-23T08:00:03.850000Z,SEK,XSTO,XSTO,MonetaryAmount,N,1O-------PH---,000018774,663.4,29,,,
15,12651,2021-03-23 09:00:03,2021-03-23T08:00:03.847000Z,SE0000310336,2021-03-23 09:00:03,2021-03-23T08:00:03.850000Z,SEK,XSTO,XSTO,MonetaryAmount,N,1O-------PH---,000018775,663.4,17,,,
16,12650,2021-03-23 09:00:03,2021-03-23T08:00:03.847000Z,SE0000310336,2021-03-23 09:00:03,2021-03-23T08:00:03.850000Z,SEK,XSTO,XSTO,MonetaryAmount,N,1O-------PH---,000018776,663.4,9,,,
17,12649,2021-03-23 09:00:03,2021-03-23T08:00:03.847000Z,SE0000310336,2021-03-23 09:00:03,2021-03-23T08:00:03.850000Z,SEK,XSTO,XSTO,MonetaryAmount,N,1O-------PH---,000018777,663.4,42,,,
18,12648,2021-03-23 09:00:03,2021-03-23T08:00:03.847000Z,SE0000310336,2021-03-23 09:00:03,2021-03-23T08:00:03.850000Z,SEK,XSTO,XSTO,MonetaryAmount,N,1O-------PH---,000018778,663.4,8,,,
19,12647,2021-03-23 09:00:03,2021-03-23T08:00:03.847000Z,SE0000310336,2021-03-23 09:00:03,2021-03-23T08:00:03.850000Z,SEK,XSTO,XSTO,MonetaryAmount,N,1O-------PH---,000018779,663.4,4,,,
20,12646,2021-03-23 09:00:03,2021-03-23T08:00:03.847000Z,SE0000310336,2021-03-23 09:00:03,2021-03-23T08:00:03.850000Z,SEK,XSTO,XSTO,MonetaryAmount,N,1O-------PH---,000018780,663.4,37,,,
21,12645,2021-03-23 09:00:03,2021-03-23T08:00:03.847000Z,SE0000310336,2021-03-23 09:00:03,2021-03-23T08:00:03.850000Z,SEK,XSTO,XSTO,MonetaryAmount,N,1O-------PH---,000018781,663.4,17,,,
22,12644,2021-03-23 09:00:03,2021-03-23T08:00:03.847000Z,SE0000310336,2021-03-23 09:00:03,2021-03-23T08:00:03.850000Z,SEK,XSTO,XSTO,MonetaryAmount,N,1O-------PH---,000018782,663.4,90,,,
23,12643,2021-03-23 09:00:03,2021-03-23T08:00:03.847000Z,SE0000310336,2021-03-23 09:00:03,2021-03-23T08:00:03.850000Z,SEK,XSTO,XSTO,MonetaryAmount,N,1O-------PH---,000018783,663.4,2,,,
24,12642,2021-03-23 09:00:03,2021-03-23T08:00:03.847000Z,SE0000310336,2021-03-23 09:00:03,2021-03-23T08:00:03.850000Z,SEK,XSTO,XSTO,MonetaryAmount,N,1O-------PH---,000018784,663.4,10,,,
25,12641,2021-03-23 09:00:03,2021-03-23T08:00:03.847000Z,SE0000310336,2021-03-23 09:00:03,2021-03-23T08:00:03.850000Z,SEK,XSTO,XSTO,MonetaryAmount,N,1O-------PH---,000018785,663.4,60,,,
26,12640,2021-03-23 09:00:03,2021-03-23T08:00:03.847000Z,SE0000310336,2021-03-23 09:00:03,2021-03-23T08:00:03.850000Z,SEK,XSTO,XSTO,MonetaryAmount,N,1O-------PH---,000018786,663.4,80,,,
27,12639,2021-03-23 09:00:03,2021-03-23T08:00:03.847000Z,SE0000310336,2021-03-23 09:00:03,2021-03-23T08:00:03.850000Z,SEK,XSTO,XSTO,MonetaryAmount,N,1O-------PH---,000018787,663.4,16,,,
28,12638,2021-03-23 09:00:03,2021-03-23T08:00:03.847000Z,SE0000310336,2021-03-23 09:00:03,2021-03-23T08:00:03.850000Z,SEK,XSTO,XSTO,MonetaryAmount,N,1O-------PH---,000018788,663.4,30,,,
29,12637,2021-03-23 09:00:03,2021-03-23T08:00:03.847000Z,SE0000310336,2021-03-23 09:00:03,2021-03-23T08:00:03.850000Z,SEK,XSTO,XSTO,MonetaryAmount,N,1O-------PH---,000018789,663.4,29,,,
30,12636,2021-03-23 09:00:03,2021-03-23T08:00:03.847000Z,SE0000310336,2021-03-23 09:00:03,2021-03-23T08:00:03.850000Z,SEK,XSTO,XSTO,MonetaryAmount,N,1O-------PH---,000018790,663.4,21,,,
31,12635,2021-03-23 09:00:03,2021-03-23T08:00:03.847000Z,SE0000310336,2021-03-23 09:00:03,2021-03-23T08:00:03.850000Z,SEK,XSTO,XSTO,MonetaryAmount,N,1O-------PH---,000018791,663.4,24,,,
32,12634,2021-03-23 09:00:03,2021-03-23T08:00:03.847000Z,SE0000310336,2021-03-23 09:00:03,2021-03-23T08:00:03.850000Z,SEK,XSTO,XSTO,MonetaryAmount,N,1O-------PH---,000018792,663.4,114,,,
33,12633,2021-03-23 09:00:03,2021-03-23T08:00:03.847000Z,SE0000310336,2021-03-23 09:00:03,2021-03-23T08:00:03.850000Z,SEK,XSTO,XSTO,MonetaryAmount,N,1O-------PH---,000018793,663.4,21,,,
34,12632,2021-03-23 09:00:03,2021-03-23T08:00:03.847000Z,SE0000310336,2021-03-23 09:00:03,2021-03-23T08:00:03.850000Z,SEK,XSTO,XSTO,MonetaryAmount,N,1O-------PH---,000018794,663.4,49,,,
35,12631,2021-03-23 09:00:03,2021-03-23T08:00:03.847000Z,SE0000310336,2021-03-23 09:00:03,2021-03-23T08:00:03.850000Z,SEK,XSTO,XSTO,MonetaryAmount,N,1O-------PH---,000018795,663.4,2,,,
36,12630,2021-03-23 09:00:03,2021-03-23T08:00:03.847000Z,SE0000310336,2021-03-23 09:00:03,2021-03-23T08:00:03.850000Z,SEK,XSTO,XSTO,MonetaryAmount,N,1O-------PH---,000018796,663.4,11,,,
37,12629,2021-03-23 09:00:03,2021-03-23T08:00:03.847000Z,SE0000310336,2021-03-23 09:00:03,2021-03-23T08:00:03.850000Z,SEK,XSTO,XSTO,MonetaryAmount,N,1O-------PH---,000018797,663.4,7,,,
38,12628,2021-03-23 09:00:03,2021-03-23T08:00:03.847000Z,SE0000310336,2021-03-23 09:00:03,2021-03-23T08:00:03.850000Z,SEK,XSTO,XSTO,MonetaryAmount,N,1O-------PH---,000018798,663.4,19,,,
39,12627,2021-03-23 09:00:03,2021-03-23T08:00:03.847000Z,SE0000310336,2021-03-23 09:00:03,2021-03-23T08:00:03.850000Z,SEK,XSTO,XSTO,MonetaryAmount,N,1O-------P----,000018799,663.4,69,,,
40,12626,2021-03-23 09:00:03,2021-03-23T08:00:03.847000Z,SE0000310336,2021-03-23 09:00:03,2021-03-23T08:00:03.850000Z,SEK,XSTO,XSTO,MonetaryAmount,N,1O-------PH---,000018800,663.4,50,,,
41,12625,2021-03-23 09:00:03,2021-03-23T08:00:03.847000Z,SE0000310336,2021-03-23 09:00:03,2021-03-23T08:00:03.850000Z,SEK,XSTO,XSTO,MonetaryAmount,N,1O-------PH---,000018801,663.4,158,,,
42,12624,2021-03-23 09:00:03,2021-03-23T08:00:03.847000Z,SE0000310336,2021-03-23 09:00:03,2021-03-23T08:00:03.850000Z,SEK,XSTO,XSTO,MonetaryAmount,N,1O-------PH---,000018802,663.4,77,,,
43,12623,2021-03-23 09:00:03,2021-03-23T08:00:03.847000Z,SE0000310336,2021-03-23 09:00:03,2021-03-23T08:00:03.850000Z,SEK,XSTO,XSTO,MonetaryAmount,N,1O-------PH---,000018803,663.4,40,,,
44,12622,2021-03-23 09:00:03,2021-03-23T08:00:03.847000Z,SE0000310336,2021-03-23 09:00:03,2021-03-23T08:00:03.850000Z,SEK,XSTO,XSTO,MonetaryAmount,N,1O-------P----,000018804,663.4,12,,,
45,12621,2021-03-23 09:00:03,2021-03-23T08:00:03.847000Z,SE0000310336,2021-03-23 09:00:03,2021-03-23T08:00:03.850000Z,SEK,XSTO,XSTO,MonetaryAmount,N,1O-------P----,000018805,663.4,207,,,
46,12620,2021-03-23 09:00:03,2021-03-23T08:00:03.847000Z,SE0000310336,2021-03-23 09:00:03,2021-03-23T08:00:03.850000Z,SEK,XSTO,XSTO,MonetaryAmount,N,1O-------PH---,000018806,663.4,1,,,
47,12619,2021-03-23 09:00:03,2021-03-23T08:00:03.847000Z,SE0000310336,2021-03-23 09:00:03,2021-03-23T08:00:03.850000Z,SEK,XSTO,XSTO,MonetaryAmount,N,1O-------PH---,000018807,663.4,3,,,
48,12618,2021-03-23 09:00:03,2021-03-23T08:00:03.847000Z,SE0000310336,2021-03-23 09:00:03,2021-03-23T08:00:03.850000Z,SEK,XSTO,XSTO,MonetaryAmount,N,1O-------PH---,000018808,663.4,94,,,
49,12617,2021-03-23 09:00:03,2021-03-23T08:00:03.847000Z,SE0000310336,2021-03-23 09:00:03,2021-03-23T08:00:03.850000Z,SEK,XSTO,XSTO,MonetaryAmount,N,1O-------PH---,000018809,663.4,16,,,
50,12616,2021-03-23 09:00:03,2021-03-23T08:00:03.847000Z,SE0000310336,2021-03-23 09:00:03,2021-03-23T08:00:03.850000Z,SEK,XSTO,XSTO,MonetaryAmount,N,1O-------PH---,000018810,663.4,1,,,
51,12615,2021-03-23 09:00:03,2021-03-23T08:00:03.847000Z,SE0000310336,2021-03-23 09:00:03,2021-03-23T08:00:03.850000Z,SEK,XSTO,XSTO,MonetaryAmount,N,1O-------PH---,000018811,663.4,35,,,
52,12614,2021-03-23 09:00:03,2021-03-23T08:00:03.847000Z,SE0000310336,2021-03-23 09:00:03,2021-03-23T08:00:03.850000Z,SEK,XSTO,XSTO,MonetaryAmount,N,1O-------PH---,000018812,663.4,26,,,
53,12613,2021-03-23 09:00:03,2021-03-23T08:00:03.847000Z,SE0000310336,2021-03-23 09:00:03,2021-03-23T08:00:03.850000Z,SEK,XSTO,XSTO,MonetaryAmount,N,1O-------PH---,000018813,663.4,15,,,
54,12612,2021-03-23 09:00:03,2021-03-23T08:00:03.847000Z,SE0000310336,2021-03-23 09:00:03,2021-03-23T08:00:03.850000Z,SEK,XSTO,XSTO,MonetaryAmount,N,1O-------PH---,000018814,663.4,26,,,
55,12611,2021-03-23 09:00:03,2021-03-23T08:00:03.847000Z,SE0000310336,2021-03-23 09:00:03,2021-03-23T08:00:03.850000Z,SEK,XSTO,XSTO,MonetaryAmount,N,1O-------PH---,000018815,663.4,1,,,
56,12610,2021-03-23 09:00:03,2021-03-23T08:00:03.847000Z,SE0000310336,2021-03-23 09:00:03,2021-03-23T08:00:03.850000Z,SEK,XSTO,XSTO,MonetaryAmount,N,1O-------PH---,000018816,663.4,36,,,
57,12609,2021-03-23 09:00:03,2021-03-23T08:00:03.847000Z,SE0000310336,2021-03-23 09:00:03,2021-03-23T08:00:03.850000Z,SEK,XSTO,XSTO,MonetaryAmount,N,1O-------PH---,000018817,663.4,2,,,
58,12608,2021-03-23 09:00:03,2021-03-23T08:00:03.847000Z,SE0000310336,2021-03-23 09:00:03,2021-03-23T08:00:03.850000Z,SEK,XSTO,XSTO,MonetaryAmount,N,1O-------PH---,000018818,663.4,1,,,
59,12607,2021-03-23 09:00:03,2021-03-23T08:00:03.847000Z,SE0000310336,2021-03-23 09:00:03,2021-03-23T08:00:03.850000Z,SEK,XSTO,XSTO,MonetaryAmount,N,1O-------PH---,000018819,663.4,22,,,
60,12606,2021-03-23 09:00:03,2021-03-23T08:00:03.847000Z,SE0000310336,2021-03-23 09:00:03,2021-03-23T08:00:03.850000Z,SEK,XSTO,XSTO,MonetaryAmount,N,1O-------PH---,000018820,663.4,11,,,
61,12605,2021-03-23 09:00:03,2021-03-23T08:00:03.847000Z,SE0000310336,2021-03-23 09:00:03,2021-03-23T08:00:03.850000Z,SEK,XSTO,XSTO,MonetaryAmount,N,1O-------PH---,000018821,663.4,28,,,
62,12604,2021-03-23 09:00:03,2021-03-23T08:00:03.847000Z,SE0000310336,2021-03-23 09:00:03,2021-03-23T08:00:03.850000Z,SEK,XSTO,XSTO,MonetaryAmount,N,1O-------PH---,000018822,663.4,15,,,
63,12603,2021-03-23 09:00:03,2021-03-23T08:00:03.847000Z,SE0000310336,2021-03-23 09:00:03,2021-03-23T08:00:03.850000Z,SEK,XSTO,XSTO,MonetaryAmount,N,1O-------PH---,000018823,663.4,3,,,
64,12602,2021-03-23 09:00:03,2021-03-23T08:00:03.847000Z,SE0000310336,2021-03-23 09:00:03,2021-03-23T08:00:03.850000Z,SEK,XSTO,XSTO,MonetaryAmount,N,1O-------PH---,000018824,663.4,20,,,
65,12601,2021-03-23 09:00:03,2021-03-23T08:00:03.847000Z,SE0000310336,2021-03-23 09:00:03,2021-03-23T08:00:03.850000Z,SEK,XSTO,XSTO,MonetaryAmount,N,1O-------PH---,000018825,663.4,26,,,
66,12600,2021-03-23 09:00:03,2021-03-23T08:00:03.847000Z,SE0000310336,2021-03-23 09:00:03,2021-03-23T08:00:03.850000Z,SEK,XSTO,XSTO,MonetaryAmount,N,1O-------PH---,000018826,663.4,13,,,
67,12599,2021-03-23 09:00:03,2021-03-23T08:00:03.847000Z,SE0000310336,2021-03-23 09:00:03,2021-03-23T08:00:03.850000Z,SEK,XSTO,XSTO,MonetaryAmount,N,1O-------PH---,000018827,663.4,37,,,
68,12598,2021-03-23 09:00:03,2021-03-23T08:00:03.847000Z,SE0000310336,2021-03-23 09:00:03,2021-03-23T08:00:03.850000Z,SEK,XSTO,XSTO,MonetaryAmount,N,1O-------P----,000018828,663.4,61,,,
69,12597,2021-03-23 09:00:03,2021-03-23T08:00:03.847000Z,SE0000310336,2021-03-23 09:00:03,2021-03-23T08:00:03.850000Z,SEK,XSTO,XSTO,MonetaryAmount,N,1O-------PH---,000018829,663.4,90,,,
70,12596,2021-03-23 09:00:03,2021-03-23T08:00:03.847000Z,SE0000310336,2021-03-23 09:00:03,2021-03-23T08:00:03.850000Z,SEK,XSTO,XSTO,MonetaryAmount,N,1O-------PH---,000018830,663.4,3,,,
71,12595,2021-03-23 09:00:03,2021-03-23T08:00:03.847000Z,SE0000310336,2021-03-23 09:00:03,2021-03-23T08:00:03.850000Z,SEK,XSTO,XSTO,MonetaryAmount,N,1O-------PH---,000018831,663.4,1,,,
72,12594,2021-03-23 09:00:03,2021-03-23T08:00:03.847000Z,SE0000310336,2021-03-23 09:00:03,2021-03-23T08:00:03.850000Z,SEK,XSTO,XSTO,MonetaryAmount,N,1O-------PH---,000018832,663.4,6,,,
73,12593,2021-03-23 09:00:03,2021-03-23T08:00:03.847000Z,SE0000310336,2021-03-23 09:00:03,2021-03-23T08:00:03.850000Z,SEK,XSTO,XSTO,MonetaryAmount,N,1O-------PH---,000018833,663.4,76,,,
74,12592,2021-03-23 09:00:03,2021-03-23T08:00:03.847000Z,SE0000310336,2021-03-23 09:00:03,2021-03-23T08:00:03.850000Z,SEK,XSTO,XSTO,MonetaryAmount,N,1O-------PH---,000018834,663.4,13,,,
75,12591,2021-03-23 09:00:03,2021-03-23T08:00:03.847000Z,SE0000310336,2021-03-23 09:00:03,2021-03-23T08:00:03.850000Z,SEK,XSTO,XSTO,MonetaryAmount,N,1O-------PH---,000018835,663.4,10,,,
76,12590,2021-03-23 09:00:03,2021-03-23T08:00:03.847000Z,SE0000310336,2021-03-23 09:00:03,2021-03-23T08:00:03.850000Z,SEK,XSTO,XSTO,MonetaryAmount,N,1O-------PH---,000018836,663.4,1,,,
77,12589,2021-03-23 09:00:03,2021-03-23T08:00:03.847000Z,SE0000310336,2021-03-23 09:00:03,2021-03-23T08:00:03.850000Z,SEK,XSTO,XSTO,MonetaryAmount,N,1O-------PH---,000018837,663.4,7,,,
78,12588,2021-03-23 09:00:03,2021-03-23T08:00:03.847000Z,SE0000310336,2021-03-23 09:00:03,2021-03-23T08:00:03.850000Z,SEK,XSTO,XSTO,MonetaryAmount,N,1O-------PH---,000018838,663.4,2,,,
79,12587,2021-03-23 09:00:03,2021-03-23T08:00:03.847000Z,SE0000310336,2021-03-23 09:00:03,2021-03-23T08:00:03.850000Z,SEK,XSTO,XSTO,MonetaryAmount,N,1O-------PH---,000018839,663.4,5,,,
80,12586,2021-03-23 09:00:03,2021-03-23T08:00:03.847000Z,SE0000310336,2021-03-23 09:00:03,2021-03-23T08:00:03.850000Z,SEK,XSTO,XSTO,MonetaryAmount,N,1O-------PH---,000018840,663.4,2,,,
81,12585,2021-03-23 09:00:03,2021-03-23T08:00:03.847000Z,SE0000310336,2021-03-23 09:00:03,2021-03-23T08:00:03.850000Z,SEK,XSTO,XSTO,MonetaryAmount,N,1O-------PH---,000018841,663.4,2,,,
82,12584,2021-03-23 09:00:03,2021-03-23T08:00:03.847000Z,SE0000310336,2021-03-23 09:00:03,2021-03-23T08:00:03.850000Z,SEK,XSTO,XSTO,MonetaryAmount,N,1O-------PH---,000018842,663.4,1,,,
83,12583,2021-03-23 09:00:03,2021-03-23T08:00:03.847000Z,SE0000310336,2021-03-23 09:00:03,2021-03-23T08:00:03.850000Z,SEK,XSTO,XSTO,MonetaryAmount,N,1O-------PH---,000018843,663.4,4,,,
84,12582,2021-03-23 09:00:03,2021-03-23T08:00:03.847000Z,SE0000310336,2021-03-23 09:00:03,2021-03-23T08:00:03.850000Z,SEK,XSTO,XSTO,MonetaryAmount,N,1O-------PH---,000018844,663.4,8,,,
85,12581,2021-03-23 09:00:03,2021-03-23T08:00:03.847000Z,SE0000310336,2021-03-23 09:00:03,2021-03-23T08:00:03.850000Z,SEK,XSTO,XSTO,MonetaryAmount,N,1O-------PH---,000018845,663.4,1,,,
86,12580,2021-03-23 09:00:03,2021-03-23T08:00:03.847000Z,SE0000310336,2021-03-23 09:00:03,2021-03-23T08:00:03.850000Z,SEK,XSTO,XSTO,MonetaryAmount,N,1O-------PH---,000018846,663.4,1,,,
87,12579,2021-03-23 09:00:03,2021-03-23T08:00:03.847000Z,SE0000310336,2021-03-23 09:00:03,2021-03-23T08:00:03.850000Z,SEK,XSTO,XSTO,MonetaryAmount,N,1O-------PH---,000018847,663.4,1,,,
88,12578,2021-03-23 09:00:03,2021-03-23T08:00:03.847000Z,SE0000310336,2021-03-23 09:00:03,2021-03-23T08:00:03.850000Z,SEK,XSTO,XSTO,MonetaryAmount,N,1O-------PH---,000018848,663.4,5,,,
89,12577,2021-03-23 09:00:03,2021-03-23T08:00:03.847000Z,SE0000310336,2021-03-23 09:00:03,2021-03-23T08:00:03.850000Z,SEK,XSTO,XSTO,MonetaryAmount,N,1O-------PH---,000018849,663.4,1,,,
90,12576,2021-03-23 09:00:03,2021-03-23T08:00:03.847000Z,SE0000310336,2021-03-23 09:00:03,2021-03-23T08:00:03.850000Z,SEK,XSTO,XSTO,MonetaryAmount,N,1O-------PH---,000018850,663.4,49,,,
91,12575,2021-03-23 09:00:03,2021-03-23T08:00:03.847000Z,SE0000310336,2021-03-23 09:00:03,2021-03-23T08:00:03.850000Z,SEK,XSTO,XSTO,MonetaryAmount,N,1O-------PH---,000018851,663.4,76,,,
92,12574,2021-03-23 09:00:03,2021-03-23T08:00:03.847000Z,SE0000310336,2021-03-23 09:00:03,2021-03-23T08:00:03.850000Z,SEK,XSTO,XSTO,MonetaryAmount,N,1O-------PH---,000018852,663.4,15,,,
93,12573,2021-03-23 09:00:03,2021-03-23T08:00:03.847000Z,SE0000310336,2021-03-23 09:00:03,2021-03-23T08:00:03.850000Z,SEK,XSTO,XSTO,MonetaryAmount,N,1O-------PH---,000018853,663.4,15,,,
94,12572,2021-03-23 09:00:03,2021-03-23T08:00:03.847000Z,SE0000310336,2021-03-23 09:00:03,2021-03-23T08:00:03.850000Z,SEK,XSTO,XSTO,MonetaryAmount,N,1O-------PH---,000018854,663.4,48,,,
95,12571,2021-03-23 09:00:03,2021-03-23T08:00:03.847000Z,SE0000310336,2021-03-23 09:00:03,2021-03-23T08:00:03.850000Z,SEK,XSTO,XSTO,MonetaryAmount,N,1O-------PH---,000018855,663.4,136,,,
96,12570,2021-03-23 09:00:03,2021-03-23T08:00:03.847000Z,SE0000310336,2021-03-23 09:00:03,2021-03-23T08:00:03.850000Z,SEK,XSTO,XSTO,MonetaryAmount,N,1O-------PH---,000018856,663.4,5,,,
97,12569,2021-03-23 09:00:03,2021-03-23T08:00:03.847000Z,SE0000310336,2021-03-23 09:00:03,2021-03-23T08:00:03.850000Z,SEK,XSTO,XSTO,MonetaryAmount,N,1O-------PH---,000018857,663.4,5,,,
98,12568,2021-03-23 09:00:03,2021-03-23T08:00:03.847000Z,SE0000310336,2021-03-23 09:00:03,2021-03-23T08:00:03.850000Z,SEK,XSTO,XSTO,MonetaryAmount,N,1O-------PH---,000018858,663.4,13,,,
99,12567,2021-03-23 09:00:03,2021-03-23T08:00:03.847000Z,SE0000310336,2021-03-23 09:00:03,2021-03-23T08:00:03.850000Z,SEK,XSTO,XSTO,MonetaryAmount,N,1O-------PH---,000018859,663.4,13,,,
100,12566,2021-03-23 09:00:04,2021-03-23T08:00:04.037000Z,SE0000310336,2021-03-23 09:00:04,2021-03-23T08:00:04.037000Z,SEK,MSTO,XSTO,MonetaryAmount,N,5U-------PH---,000019973,663.2,16,,,Auction On Demand
101,12565,2021-03-23 09:00:05,2021-03-23T08:00:05.033000Z,SE0000310336,2021-03-23 09:00:05,2021-03-23T08:00:05.087000Z,SEK,XSTO,XSTO,MonetaryAmount,N,12-------PH---,000024473,663.4,90,,,
102,12564,2021-03-23 09:00:05,2021-03-23T08:00:05.033000Z,SE0000310336,2021-03-23 09:00:05,2021-03-23T08:00:05.087000Z,SEK,XSTO,XSTO,MonetaryAmount,N,12-------PH---,000024474,663.4,22,,,
103,12563,2021-03-23 09:00:05,2021-03-23T08:00:05.033000Z,SE0000310336,2021-03-23 09:00:05,2021-03-23T08:00:05.087000Z,SEK,XSTO,XSTO,MonetaryAmount,N,12-------PH---,000024475,663.6,7,,,
104,12562,2021-03-23 09:00:05,2021-03-23T08:00:05.037000Z,SE0000310336,2021-03-23 09:00:05,2021-03-23T08:00:05.087000Z,SEK,XSTO,XSTO,MonetaryAmount,N,12-------PH---,000024560,663.8,2,,,
105,12561,2021-03-23 09:00:05,2021-03-23T08:00:05.037000Z,SE0000310336,2021-03-23 09:00:05,2021-03-23T08:00:05.087000Z,SEK,XSTO,XSTO,MonetaryAmount,N,12-------PH---,000024561,663.8,20,,,
106,12560,2021-03-23 09:00:05,2021-03-23T08:00:05.037000Z,SE0000310336,2021-03-23 09:00:05,2021-03-23T08:00:05.087000Z,SEK,XSTO,XSTO,MonetaryAmount,N,12-------PH---,000024562,663.8,15,,,
107,12559,2021-03-23 09:00:05,2021-03-23T08:00:05.037000Z,SE0000310336,2021-03-23 09:00:05,2021-03-23T08:00:05.087000Z,SEK,XSTO,XSTO,MonetaryAmount,N,12-------PH---,000024563,663.8,1,,,
108,12558,2021-03-23 09:00:05,2021-03-23T08:00:05.037000Z,SE0000310336,2021-03-23 09:00:05,2021-03-23T08:00:05.087000Z,SEK,XSTO,XSTO,MonetaryAmount,N,12-------PH---,000024564,663.8,1,,,
109,12557,2021-03-23 09:00:05,2021-03-23T08:00:05.037000Z,SE0000310336,2021-03-23 09:00:05,2021-03-23T08:00:05.087000Z,SEK,XSTO,XSTO,MonetaryAmount,N,12-------PH---,000024565,663.8,1,,,
110,12556,2021-03-23 09:00:05,2021-03-23T08:00:05.037000Z,SE0000310336,2021-03-23 09:00:05,2021-03-23T08:00:05.087000Z,SEK,XSTO,XSTO,MonetaryAmount,N,12-------PH---,000024566,663.8,3,,,
111,12555,2021-03-23 09:00:05,2021-03-23T08:00:05.037000Z,SE0000310336,2021-03-23 09:00:05,2021-03-23T08:00:05.087000Z,SEK,XSTO,XSTO,MonetaryAmount,N,12-------PH---,000024567,663.8,20,,,
112,12554,2021-03-23 09:00:05,2021-03-23T08:00:05.037000Z,SE0000310336,2021-03-23 09:00:05,2021-03-23T08:00:05.087000Z,SEK,XSTO,XSTO,MonetaryAmount,N,12-------PH---,000024568,663.8,9,,,
113,12553,2021-03-23 09:00:05,2021-03-23T08:00:05.037000Z,SE0000310336,2021-03-23 09:00:05,2021-03-23T08:00:05.087000Z,SEK,XSTO,XSTO,MonetaryAmount,N,12-------PH---,000024569,663.8,2,,,
114,12552,2021-03-23 09:00:05,2021-03-23T08:00:05.037000Z,SE0000310336,2021-03-23 09:00:05,2021-03-23T08:00:05.087000Z,SEK,XSTO,XSTO,MonetaryAmount,N,12-------PH---,000024570,663.8,4,,,
115,12551,2021-03-23 09:00:05,2021-03-23T08:00:05.037000Z,SE0000310336,2021-03-23 09:00:05,2021-03-23T08:00:05.087000Z,SEK,XSTO,XSTO,MonetaryAmount,N,12-------PH---,000024571,663.8,10,,,
116,12550,2021-03-23 09:00:05,2021-03-23T08:00:05.057000Z,SE0000310336,2021-03-23 09:00:05,2021-03-23T08:00:05.087000Z,SEK,XSTO,XSTO,MonetaryAmount,N,12-------PH---,000024612,663.0,1,,,
117,12549,2021-03-23 09:00:05,2021-03-23T08:00:05.057000Z,SE0000310336,2021-03-23 09:00:05,2021-03-23T08:00:05.087000Z,SEK,XSTO,XSTO,MonetaryAmount,N,12-------PH---,000024613,663.0,48,,,
118,12548,2021-03-23 09:00:05,2021-03-23T08:00:05.057000Z,SE0000310336,2021-03-23 09:00:05,2021-03-23T08:00:05.087000Z,SEK,XSTO,XSTO,MonetaryAmount,N,12-------PH---,000024614,663.0,30,,,
119,12547,2021-03-23 09:00:05,2021-03-23T08:00:05.067000Z,SE0000310336,2021-03-23 09:00:05,2021-03-23T08:00:05.093000Z,SEK,XSTO,XSTO,MonetaryAmount,N,12-------PH---,000024768,662.4,90,,,
120,12546,2021-03-23 09:00:05,2021-03-23T08:00:05.067000Z,SE0000310336,2021-03-23 09:00:05,2021-03-23T08:00:05.093000Z,SEK,XSTO,XSTO,MonetaryAmount,N,12-------PH---,000024769,662.4,199,,,
121,12545,2021-03-23 09:00:05,2021-03-23T08:00:05.917000Z,SE0000310336,2021-03-23 09:00:05,2021-03-23T08:00:05.917000Z,SEK,XSTO,XSTO,MonetaryAmount,N,12-------PH---,000025112,664.2,53,,,
122,12544,2021-03-23 09:00:08,2021-03-23T08:00:08.360000Z,SE0000310336,2021-03-23 09:00:08,2021-03-23T08:00:08.360000Z,SEK,XSTO,XSTO,MonetaryAmount,N,12-------PH---,000025716,662.6,97,,,
123,12543,2021-03-23 09:00:08,2021-03-23T08:00:08.360000Z,SE0000310336,2021-03-23 09:00:08,2021-03-23T08:00:08.360000Z,SEK,XSTO,XSTO,MonetaryAmount,N,12-------PH---,000025717,662.6,36,,,
124,12542,2021-03-23 09:00:08,2021-03-23T08:00:08.360000Z,SE0000310336,2021-03-23 09:00:08,2021-03-23T08:00:08.360000Z,SEK,XSTO,XSTO,MonetaryAmount,N,12-------PH---,000025718,662.6,113,,,
125,12541,2021-03-23 09:00:08,2021-03-23T08:00:08.360000Z,SE0000310336,2021-03-23 09:00:08,2021-03-23T08:00:08.360000Z,SEK,XSTO,XSTO,MonetaryAmount,N,12-------PH---,000025719,662.6,4,,,
126,12540,2021-03-23 09:00:08,2021-03-23T08:00:08.360000Z,SE0000310336,2021-03-23 09:00:08,2021-03-23T08:00:08.360000Z,SEK,XSTO,XSTO,MonetaryAmount,N,12-------PH---,000025720,662.6,10,,,
127,12539,2021-03-23 09:00:09,2021-03-23T08:00:09.070000Z,SE0000310336,2021-03-23 09:00:09,2021-03-23T08:00:09.070000Z,SEK,XSTO,XSTO,MonetaryAmount,N,12-------PH---,000025847,663.8,120,,,
128,12538,2021-03-23 09:00:09,2021-03-23T08:00:09.070000Z,SE0000310336,2021-03-23 09:00:09,2021-03-23T08:00:09.070000Z,SEK,XSTO,XSTO,MonetaryAmount,N,12-------PH---,000025848,663.8,80,,,
129,12537,2021-03-23 09:00:09,2021-03-23T08:00:09.070000Z,SE0000310336,2021-03-23 09:00:09,2021-03-23T08:00:09.070000Z,SEK,XSTO,XSTO,MonetaryAmount,N,12-------PH---,000025849,663.8,114,,,
130,12536,2021-03-23 09:00:09,2021-03-23T08:00:09.070000Z,SE0000310336,2021-03-23 09:00:09,2021-03-23T08:00:09.070000Z,SEK,XSTO,XSTO,MonetaryAmount,N,12-------PH---,000025850,663.8,104,,,
131,12535,2021-03-23 09:00:09,2021-03-23T08:00:09.077000Z,SE0000310336,2021-03-23 09:00:09,2021-03-23T08:00:09.077000Z,SEK,XSTO,XSTO,MonetaryAmount,N,12-------PH---,000025903,664.0,31,,,
132,12534,2021-03-23 09:00:09,2021-03-23T08:00:09.077000Z,SE0000310336,2021-03-23 09:00:09,2021-03-23T08:00:09.077000Z,SEK,XSTO,XSTO,MonetaryAmount,N,12-------PH---,000025904,664.2,37,,,
133,12533,2021-03-23 09:00:09,2021-03-23T08:00:09.097000Z,SE0000310336,2021-03-23 09:00:09,2021-03-23T08:00:09.097000Z,SEK,XSTO,XSTO,MonetaryAmount,N,12-------PH---,000025988,663.8,51,,,
134,12532,2021-03-23 09:00:15,2021-03-23T08:00:15.757000Z,SE0000310336,2021-03-23 09:00:15,2021-03-23T08:00:15.757000Z,SEK,XSTO,XSTO,MonetaryAmount,N,12-------P----,000026986,663.8,88,,,
135,12531,2021-03-23 09:00:15,2021-03-23T08:00:15.757000Z,SE0000310336,2021-03-23 09:00:15,2021-03-23T08:00:15.757000Z,SEK,XSTO,XSTO,MonetaryAmount,N,12-------P----,000026987,664.0,34,,,
136,12530,2021-03-23 09:00:15,2021-03-23T08:00:15.757000Z,SE0000310336,2021-03-23 09:00:15,2021-03-23T08:00:15.757000Z,SEK,XSTO,XSTO,MonetaryAmount,N,12-------PH---,000026988,664.0,61,,,
137,12529,2021-03-23 09:00:15,2021-03-23T08:00:15.843000Z,SE0000310336,2021-03-23 09:00:15,2021-03-23T08:00:15.843000Z,SEK,XSTO,XSTO,MonetaryAmount,N,45-3-----PH---,F050035893,663.0,22,,,Standard Routed Trade
138,12528,2021-03-23 09:00:15,2021-03-23T08:00:15.843000Z,SE0000310336,2021-03-23 09:00:15,2021-03-23T08:00:15.843000Z,SEK,XSTO,XSTO,MonetaryAmount,N,12-------PH---,000026990,663.0,78,,,
139,12527,2021-03-23 09:00:15,2021-03-23T08:00:15.843000Z,SE0000310336,2021-03-23 09:00:15,2021-03-23T08:00:15.843000Z,SEK,XSTO,XSTO,MonetaryAmount,N,12-------PH---,000026991,662.8,4,,,
140,12526,2021-03-23 09:00:15,2021-03-23T08:00:15.843000Z,SE0000310336,2021-03-23 09:00:15,2021-03-23T08:00:15.843000Z,SEK,XSTO,XSTO,MonetaryAmount,N,12-------PH---,000026992,662.8,1,,,
141,12525,2021-03-23 09:00:15,2021-03-23T08:00:15.843000Z,SE0000310336,2021-03-23 09:00:15,2021-03-23T08:00:15.843000Z,SEK,XSTO,XSTO,MonetaryAmount,N,12-------PH---,000026993,662.8,18,,,
142,12524,2021-03-23 09:00:15,2021-03-23T08:00:15.843000Z,SE0000310336,2021-03-23 09:00:15,2021-03-23T08:00:15.843000Z,SEK,XSTO,XSTO,MonetaryAmount,N,12-------PH---,000026994,662.8,30,,,
143,12523,2021-03-23 09:00:15,2021-03-23T08:00:15.843000Z,SE0000310336,2021-03-23 09:00:15,2021-03-23T08:00:15.843000Z,SEK,XSTO,XSTO,MonetaryAmount,N,12-------PH---,000026995,663.0,73,,,
144,12522,2021-03-23 09:00:15,2021-03-23T08:00:15.843000Z,SE0000310336,2021-03-23 09:00:15,2021-03-23T08:00:15.843000Z,SEK,XSTO,XSTO,MonetaryAmount,N,12-------PH---,000026996,663.0,24,,,
145,12521,2021-03-23 09:00:15,2021-03-23T08:00:15.843000Z,SE0000310336,2021-03-23 09:00:15,2021-03-23T08:00:15.843000Z,SEK,XSTO,XSTO,MonetaryAmount,N,12-------PH---,000026997,663.0,87,,,
146,12520,2021-03-23 09:00:17,2021-03-23T08:00:17.813000Z,SE0000310336,2021-03-23 09:00:17,2021-03-23T08:00:17.813000Z,SEK,XSTO,XSTO,MonetaryAmount,N,12-------PH---,000027192,663.4,4,,,
147,12519,2021-03-23 09:00:17,2021-03-23T08:00:17.813000Z,SE0000310336,2021-03-23 09:00:17,2021-03-23T08:00:17.813000Z,SEK,XSTO,XSTO,MonetaryAmount,N,12-------PH---,000027193,663.6,90,,,
148,12518,2021-03-23 09:00:31,2021-03-23T08:00:31.227000Z,SE0000310336,2021-03-23 09:00:31,2021-03-23T08:00:31.227000Z,SEK,XSTO,XSTO,MonetaryAmount,N,12-------PH---,000029015,663.0,30,,,
149,12517,2021-03-23 09:00:31,2021-03-23T08:00:31.963000Z,SE0000310336,2021-03-23 09:00:31,2021-03-23T08:00:31.963000Z,SEK,XSTO,XSTO,MonetaryAmount,N,12-------PH---,000029063,663.2,90,,,
150,12516,2021-03-23 09:01:10,2021-03-23T08:01:10.553000Z,SE0000310336,2021-03-23 09:01:10,2021-03-23T08:01:10.553000Z,SEK,XSTO,XSTO,MonetaryAmount,N,12-------PH---,000032714,663.0,90,,,
151,12515,2021-03-23 09:01:10,2021-03-23T08:01:10.553000Z,SE0000310336,2021-03-23 09:01:10,2021-03-23T08:01:10.553000Z,SEK,XSTO,XSTO,MonetaryAmount,N,12-------PH---,000032715,663.0,6,,,
152,12514,2021-03-23 09:01:10,2021-03-23T08:01:10.553000Z,SE0000310336,2021-03-23 09:01:10,2021-03-23T08:01:10.553000Z,SEK,XSTO,XSTO,MonetaryAmount,N,12-------PH---,000032716,663.0,6,,,
153,12513,2021-03-23 09:01:10,2021-03-23T08:01:10.553000Z,SE0000310336,2021-03-23 09:01:10,2021-03-23T08:01:10.553000Z,SEK,XSTO,XSTO,MonetaryAmount,N,12-------PH---,000032717,663.2,4,,,
154,12512,2021-03-23 09:01:10,2021-03-23T08:01:10.553000Z,SE0000310336,2021-03-23 09:01:10,2021-03-23T08:01:10.553000Z,SEK,XSTO,XSTO,MonetaryAmount,N,12-------PH---,000032718,663.2,38,,,
155,12511,2021-03-23 09:01:10,2021-03-23T08:01:10.553000Z,SE0000310336,2021-03-23 09:01:10,2021-03-23T08:01:10.553000Z,SEK,XSTO,XSTO,MonetaryAmount,N,12-------PH---,000032719,663.0,90,,,
156,12510,2021-03-23 09:01:10,2021-03-23T08:01:10.553000Z,SE0000310336,2021-03-23 09:01:10,2021-03-23T08:01:10.553000Z,SEK,XSTO,XSTO,MonetaryAmount,N,12-------PH---,000032720,663.2,50,,,
157,12509,2021-03-23 09:01:10,2021-03-23T08:01:10.570000Z,SE0000310336,2021-03-23 09:01:10,2021-03-23T08:01:10.570000Z,SEK,XSTO,XSTO,MonetaryAmount,N,12-------PH---,000032733,663.2,12,,,
158,12508,2021-03-23 09:01:10,2021-03-23T08:01:10.570000Z,SE0000310336,2021-03-23 09:01:10,2021-03-23T08:01:10.570000Z,SEK,XSTO,XSTO,MonetaryAmount,N,12-------PH---,000032735,663.2,78,,,
159,12507,2021-03-23 09:01:10,2021-03-23T08:01:10.570000Z,SE0000310336,2021-03-23 09:01:10,2021-03-23T08:01:10.570000Z,SEK,XSTO,XSTO,MonetaryAmount,N,12-------PH---,000032736,663.2,12,,,
160,12506,2021-03-23 09:01:10,2021-03-23T08:01:10.570000Z,SE0000310336,2021-03-23 09:01:10,2021-03-23T08:01:10.570000Z,SEK,XSTO,XSTO,MonetaryAmount,N,12-------PH---,000032737,663.2,8,,,
161,12505,2021-03-23 09:01:10,2021-03-23T08:01:10.610000Z,SE0000310336,2021-03-23 09:01:10,2021-03-23T08:01:10.610000Z,SEK,XSTO,XSTO,MonetaryAmount,N,12-------PH---,000032769,663.0,53,,,
162,12504,2021-03-23 09:01:26,2021-03-23T08:01:26.617000Z,SE0000310336,2021-03-23 09:01:26,2021-03-23T08:01:26.617000Z,SEK,XSTO,XSTO,MonetaryAmount,N,12-------PH---,000034404,662.6,9,,,
163,12503,2021-03-23 09:01:26,2021-03-23T08:01:26.987000Z,SE0000310336,2021-03-23 09:01:26,2021-03-23T08:01:26.987000Z,SEK,XSTO,XSTO,MonetaryAmount,N,12-------PH---,000034446,662.6,32,,,
164,12502,2021-03-23 09:01:27,2021-03-23T08:01:27.853000Z,SE0000310336,2021-03-23 09:01:27,2021-03-23T08:01:27.853000Z,SEK,XSTO,XSTO,MonetaryAmount,N,12-------PH---,000034524,663.2,33,,,
165,12501,2021-03-23 09:01:36,2021-03-23T08:01:36.840000Z,SE0000310336,2021-03-23 09:01:36,2021-03-23T08:01:36.840000Z,SEK,XSTO,XSTO,MonetaryAmount,N,12-------P----,000035224,663.2,47,,,
166,12500,2021-03-23 09:01:40,2021-03-23T08:01:40.023000Z,SE0000310336,2021-03-23 09:01:40,2021-03-23T08:01:40.023000Z,SEK,XSTO,XSTO,MonetaryAmount,N,12-------PH---,000035417,663.6,139,,,
167,12499,2021-03-23 09:01:40,2021-03-23T08:01:40.023000Z,SE0000310336,2021-03-23 09:01:40,2021-03-23T08:01:40.023000Z,SEK,XSTO,XSTO,MonetaryAmount,N,12-------PH---,000035418,663.8,91,,,
168,12498,2021-03-23 09:01:40,2021-03-23T08:01:40.080000Z,SE0000310336,2021-03-23 09:01:40,2021-03-23T08:01:40.080000Z,SEK,XSTO,XSTO,MonetaryAmount,N,12-------PH---,000035419,663.6,57,,,
169,12497,2021-03-23 09:01:44,2021-03-23T08:01:44.857000Z,SE0000310336,2021-03-23 09:01:44,2021-03-23T08:01:44.857000Z,SEK,XSTO,XSTO,MonetaryAmount,N,12-------PH---,000036094,663.4,2,,,
170,12496,2021-03-23 09:01:44,2021-03-23T08:01:44.880000Z,SE0000310336,2021-03-23 09:01:44,2021-03-23T08:01:44.880000Z,SEK,XSTO,XSTO,MonetaryAmount,N,45-3-----PH---,F050046370,663.2,28,,,Standard Routed Trade
171,12495,2021-03-23 09:01:53,2021-03-23T08:01:53.563000Z,SE0000310336,2021-03-23 09:01:53,2021-03-23T08:01:53.563000Z,SEK,XSTO,XSTO,MonetaryAmount,N,12-------PH---,000036780,663.2,44,,,
172,12494,2021-03-23 09:01:53,2021-03-23T08:01:53.563000Z,SE0000310336,2021-03-23 09:01:53,2021-03-23T08:01:53.563000Z,SEK,XSTO,XSTO,MonetaryAmount,N,12-------PH---,000036781,663.0,6,,,
173,12493,2021-03-23 09:02:05,2021-03-23T08:02:05.847000Z,SE0000310336,2021-03-23 09:02:05,2021-03-23T08:02:05.847000Z,SEK,XSTO,XSTO,MonetaryAmount,N,12-------PH---,000037856,663.0,31,,,
174,12492,2021-03-23 09:02:24,2021-03-23T08:02:24.947000Z,SE0000310336,2021-03-23 09:02:24,2021-03-23T08:02:24.947000Z,SEK,XSTO,XSTO,MonetaryAmount,N,12-------PH---,000039351,662.6,54,,,
175,12491,2021-03-23 09:02:34,2021-03-23T08:02:34.387000Z,SE0000310336,2021-03-23 09:02:34,2021-03-23T08:02:34.387000Z,SEK,XSTO,XSTO,MonetaryAmount,N,12-------PH---,000040437,662.2,3,,,
176,12490,2021-03-23 09:02:34,2021-03-23T08:02:34.407000Z,SE0000310336,2021-03-23 09:02:34,2021-03-23T08:02:34.407000Z,SEK,XSTO,XSTO,MonetaryAmount,N,12-------PH---,000040438,662.2,90,,,
177,12489,2021-03-23 09:02:34,2021-03-23T08:02:34.407000Z,SE0000310336,2021-03-23 09:02:34,2021-03-23T08:02:34.407000Z,SEK,XSTO,XSTO,MonetaryAmount,N,12-------PH---,000040439,662.2,31,,,
178,12488,2021-03-23 09:02:34,2021-03-23T08:02:34.407000Z,SE0000310336,2021-03-23 09:02:34,2021-03-23T08:02:34.407000Z,SEK,XSTO,XSTO,MonetaryAmount,N,12-------PH---,000040440,662.2,129,,,
179,12487,2021-03-23 09:02:38,2021-03-23T08:02:38.927000Z,SE0000310336,2021-03-23 09:02:38,2021-03-23T08:02:38.927000Z,SEK,XSTO,XSTO,MonetaryAmount,N,12-------PH---,000040931,661.8,2,,,
180,12486,2021-03-23 09:02:38,2021-03-23T08:02:38.950000Z,SE0000310336,2021-03-23 09:02:38,2021-03-23T08:02:38.950000Z,SEK,XSTO,XSTO,MonetaryAmount,N,12-------P----,000040935,661.6,527,,,
181,12485,2021-03-23 09:02:38,2021-03-23T08:02:38.950000Z,SE0000310336,2021-03-23 09:02:38,2021-03-23T08:02:38.950000Z,SEK,XSTO,XSTO,MonetaryAmount,N,12-------PH---,000040936,661.6,386,,,
182,12484,2021-03-23 09:02:39,2021-03-23T08:02:39.027000Z,SE0000310336,2021-03-23 09:02:39,2021-03-23T08:02:39.027000Z,SEK,XSTO,XSTO,MonetaryAmount,N,12-------PH---,000040946,661.4,219,,,
183,12483,2021-03-23 09:02:39,2021-03-23T08:02:39.027000Z,SE0000310336,2021-03-23 09:02:39,2021-03-23T08:02:39.027000Z,SEK,XSTO,XSTO,MonetaryAmount,N,12-------PH---,000040947,661.4,712,,,
184,12482,2021-03-23 09:02:39,2021-03-23T08:02:39.513000Z,SE0000310336,2021-03-23 09:02:39,2021-03-23T08:02:39.513000Z,SEK,XSTO,XSTO,MonetaryAmount,N,12-------P----,000041010,661.6,57,,,
185,12481,2021-03-23 09:02:39,2021-03-23T08:02:39.513000Z,SE0000310336,2021-03-23 09:02:39,2021-03-23T08:02:39.513000Z,SEK,XSTO,XSTO,MonetaryAmount,N,12-------PH---,000041011,661.6,57,,,
186,12480,2021-03-23 09:02:39,2021-03-23T08:02:39.513000Z,SE0000310336,2021-03-23 09:02:39,2021-03-23T08:02:39.513000Z,SEK,XSTO,XSTO,MonetaryAmount,N,12-------PH---,000041012,661.6,57,,,
187,12479,2021-03-23 09:02:39,2021-03-23T08:02:39.513000Z,SE0000310336,2021-03-23 09:02:39,2021-03-23T08:02:39.513000Z,SEK,XSTO,XSTO,MonetaryAmount,N,12-------PH---,000041013,661.6,77,,,
188,12478,2021-03-23 09:02:39,2021-03-23T08:02:39.530000Z,SE0000310336,2021-03-23 09:02:39,2021-03-23T08:02:39.530000Z,SEK,XSTO,XSTO,MonetaryAmount,N,12-------PH---,000041014,661.6,13,,,
189,12477,2021-03-23 09:02:39,2021-03-23T08:02:39.557000Z,SE0000310336,2021-03-23 09:02:39,2021-03-23T08:02:39.557000Z,SEK,XSTO,XSTO,MonetaryAmount,N,12-------PH---,000041015,661.6,72,,,
190,12476,2021-03-23 09:02:46,2021-03-23T08:02:46.930000Z,SE0000310336,2021-03-23 09:02:46,2021-03-23T08:02:46.930000Z,SEK,XSTO,XSTO,MonetaryAmount,N,12-------PH---,000041837,661.4,90,,,
191,12475,2021-03-23 09:02:58,2021-03-23T08:02:58.120000Z,SE0000310336,2021-03-23 09:02:58,2021-03-23T08:02:58.120000Z,SEK,XSTO,XSTO,MonetaryAmount,N,12-------PH---,000042710,661.6,72,,,
192,12474,2021-03-23 09:02:58,2021-03-23T08:02:58.120000Z,SE0000310336,2021-03-23 09:02:58,2021-03-23T08:02:58.120000Z,SEK,XSTO,XSTO,MonetaryAmount,N,12-------PH---,000042711,661.6,3,,,
193,12473,2021-03-23 09:02:58,2021-03-23T08:02:58.120000Z,SE0000310336,2021-03-23 09:02:58,2021-03-23T08:02:58.120000Z,SEK,XSTO,XSTO,MonetaryAmount,N,12-------PH---,000042712,661.6,118,,,
194,12472,2021-03-23 09:02:58,2021-03-23T08:02:58.120000Z,SE0000310336,2021-03-23 09:02:58,2021-03-23T08:02:58.120000Z,SEK,XSTO,XSTO,MonetaryAmount,N,12-------PH---,000042713,661.6,30,,,
195,12471,2021-03-23 09:02:58,2021-03-23T08:02:58.140000Z,SE0000310336,2021-03-23 09:02:58,2021-03-23T08:02:58.140000Z,SEK,XSTO,XSTO,MonetaryAmount,N,12-------PH---,000042715,661.6,3,,,
196,12470,2021-03-23 09:02:58,2021-03-23T08:02:58.143000Z,SE0000310336,2021-03-23 09:02:58,2021-03-23T08:02:58.143000Z,SEK,XSTO,XSTO,MonetaryAmount,N,12-------PH---,000042716,661.6,15,,,
197,12469,2021-03-23 09:03:02,2021-03-23T08:03:02.833000Z,SE0000310336,2021-03-23 09:03:02,2021-03-23T08:03:02.833000Z,SEK,XSTO,XSTO,MonetaryAmount,N,12-------PH---,000044260,661.8,36,,,
198,12468,2021-03-23 09:03:02,2021-03-23T08:03:02.833000Z,SE0000310336,2021-03-23 09:03:02,2021-03-23T08:03:02.833000Z,SEK,XSTO,XSTO,MonetaryAmount,N,12-------PH---,000044261,661.8,65,,,
199,12467,2021-03-23 09:03:02,2021-03-23T08:03:02.870000Z,SE0000310336,2021-03-23 09:03:02,2021-03-23T08:03:02.870000Z,SEK,XSTO,XSTO,MonetaryAmount,N,12-------PH---,000044269,661.8,100,,,
200,12466,2021-03-23 09:03:07,2021-03-23T08:03:07.380000Z,SE0000310336,2021-03-23 09:03:07,2021-03-23T08:03:07.380000Z,SEK,XSTO,XSTO,MonetaryAmount,N,12-------PH---,000044892,661.8,90,,,
201,12465,2021-03-23 09:03:12,2021-03-23T08:03:12.693000Z,SE0000310336,2021-03-23 09:03:12,2021-03-23T08:03:12.693000Z,SEK,XSTO,XSTO,MonetaryAmount,N,12-------PH---,000045752,661.6,8,,,
202,12464,2021-03-23 09:03:16,2021-03-23T08:03:16.913000Z,SE0000310336,2021-03-23 09:03:16,2021-03-23T08:03:16.913000Z,SEK,XSTO,XSTO,MonetaryAmount,N,12-------PH---,000046194,662.0,44,,,
203,12463,2021-03-23 09:03:16,2021-03-23T08:03:16.913000Z,SE0000310336,2021-03-23 09:03:16,2021-03-23T08:03:16.913000Z,SEK,XSTO,XSTO,MonetaryAmount,N,12-------PH---,000046195,662.0,41,,,
204,12462,2021-03-23 09:03:16,2021-03-23T08:03:16.913000Z,SE0000310336,2021-03-23 09:03:16,2021-03-23T08:03:16.913000Z,SEK,XSTO,XSTO,MonetaryAmount,N,12-------PH---,000046196,662.2,90,,,
205,12461,2021-03-23 09:03:16,2021-03-23T08:03:16.913000Z,SE0000310336,2021-03-23 09:03:16,2021-03-23T08:03:16.913000Z,SEK,XSTO,XSTO,MonetaryAmount,N,12-------PH---,000046197,662.2,160,,,
206,12460,2021-03-23 09:03:16,2021-03-23T08:03:16.913000Z,SE0000310336,2021-03-23 09:03:16,2021-03-23T08:03:16.913000Z,SEK,XSTO,XSTO,MonetaryAmount,N,12-------PH---,000046198,662.2,50,,,
207,12459,2021-03-23 09:03:16,2021-03-23T08:03:16.930000Z,SE0000310336,2021-03-23 09:03:16,2021-03-23T08:03:16.930000Z,SEK,XSTO,XSTO,MonetaryAmount,N,12-------PH---,000046201,662.4,4,,,
208,12458,2021-03-23 09:03:16,2021-03-23T08:03:16.930000Z,SE0000310336,2021-03-23 09:03:16,2021-03-23T08:03:16.930000Z,SEK,XSTO,XSTO,MonetaryAmount,N,12-------PH---,000046202,662.4,50,,,
209,12457,2021-03-23 09:03:21,2021-03-23T08:03:21.727000Z,SE0000310336,2021-03-23 09:03:21,2021-03-23T08:03:21.727000Z,SEK,XSTO,XSTO,MonetaryAmount,N,12-------PH---,000046910,662.6,21,,,
210,12456,2021-03-23 09:03:21,2021-03-23T08:03:21.727000Z,SE0000310336,2021-03-23 09:03:21,2021-03-23T08:03:21.727000Z,SEK,XSTO,XSTO,MonetaryAmount,N,12-------PH---,000046911,662.6,6,,,
211,12455,2021-03-23 09:03:21,2021-03-23T08:03:21.727000Z,SE0000310336,2021-03-23 09:03:21,2021-03-23T08:03:21.727000Z,SEK,XSTO,XSTO,MonetaryAmount,N,12-------PH---,000046912,662.6,7,,,
212,12454,2021-03-23 09:03:21,2021-03-23T08:03:21.727000Z,SE0000310336,2021-03-23 09:03:21,2021-03-23T08:03:21.727000Z,SEK,XSTO,XSTO,MonetaryAmount,N,12-------PH---,000046913,662.6,58,,,
213,12453,2021-03-23 09:03:21,2021-03-23T08:03:21.727000Z,SE0000310336,2021-03-23 09:03:21,2021-03-23T08:03:21.727000Z,SEK,XSTO,XSTO,MonetaryAmount,N,12-------PH---,000046914,662.6,50,,,
214,12452,2021-03-23 09:03:57,2021-03-23T08:03:57.123000Z,SE0000310336,2021-03-23 09:03:57,2021-03-23T08:03:57.123000Z,SEK,XSTO,XSTO,MonetaryAmount,N,12-------PH---,000049867,662.8,5,,,
215,12451,2021-03-23 09:03:57,2021-03-23T08:03:57.123000Z,SE0000310336,2021-03-23 09:03:57,2021-03-23T08:03:57.123000Z,SEK,XSTO,XSTO,MonetaryAmount,N,12-------PH---,000049868,662.8,5,,,
216,12450,2021-03-23 09:03:57,2021-03-23T08:03:57.337000Z,SE0000310336,2021-03-23 09:03:57,2021-03-23T08:03:57.337000Z,SEK,XSTO,XSTO,MonetaryAmount,N,12-------PH---,000049879,662.6,15,,,
217,12449,2021-03-23 09:04:01,2021-03-23T08:04:01.920000Z,SE0000310336,2021-03-23 09:04:01,2021-03-23T08:04:01.920000Z,SEK,XSTO,XSTO,MonetaryAmount,N,12-------PH---,000050246,663.0,37,,,
218,12448,2021-03-23 09:04:01,2021-03-23T08:04:01.920000Z,SE0000310336,2021-03-23 09:04:01,2021-03-23T08:04:01.920000Z,SEK,XSTO,XSTO,MonetaryAmount,N,12-------PH---,000050247,663.0,53,,,
219,12447,2021-03-23 09:04:01,2021-03-23T08:04:01.920000Z,SE0000310336,2021-03-23 09:04:01,2021-03-23T08:04:01.920000Z,SEK,XSTO,XSTO,MonetaryAmount,N,12-------PH---,000050248,663.0,6,,,
220,12446,2021-03-23 09:04:01,2021-03-23T08:04:01.920000Z,SE0000310336,2021-03-23 09:04:01,2021-03-23T08:04:01.920000Z,SEK,XSTO,XSTO,MonetaryAmount,N,12-------PH---,000050249,663.0,90,,,
221,12445,2021-03-23 09:04:01,2021-03-23T08:04:01.940000Z,SE0000310336,2021-03-23 09:04:01,2021-03-23T08:04:01.940000Z,SEK,XSTO,XSTO,MonetaryAmount,N,12-------PH---,000050250,663.0,90,,,
222,12444,2021-03-23 09:04:01,2021-03-23T08:04:01.963000Z,SE0000310336,2021-03-23 09:04:01,2021-03-23T08:04:01.963000Z,SEK,XSTO,XSTO,MonetaryAmount,N,12-------PH---,000050252,663.2,157,,,
223,12443,2021-03-23 09:04:02,2021-03-23T08:04:02.677000Z,SE0000310336,2021-03-23 09:04:02,2021-03-23T08:04:02.677000Z,SEK,XSTO,XSTO,MonetaryAmount,N,12-------PH---,000050309,662.6,7,,,
224,12442,2021-03-23 09:04:05,2021-03-23T08:04:05.177000Z,SE0000310336,2021-03-23 09:04:05,2021-03-23T08:04:05.177000Z,SEK,XSTO,XSTO,MonetaryAmount,N,12-------PH---,000050536,663.2,3,,,
225,12441,2021-03-23 09:04:05,2021-03-23T08:04:05.177000Z,SE0000310336,2021-03-23 09:04:05,2021-03-23T08:04:05.177000Z,SEK,XSTO,XSTO,MonetaryAmount,N,12-------PH---,000050537,663.2,20,,,
226,12440,2021-03-23 09:04:05,2021-03-23T08:04:05.217000Z,SE0000310336,2021-03-23 09:04:05,2021-03-23T08:04:05.217000Z,SEK,XSTO,XSTO,MonetaryAmount,N,12-------PH---,000050541,663.0,90,,,
227,12439,2021-03-23 09:04:05,2021-03-23T08:04:05.243000Z,SE0000310336,2021-03-23 09:04:05,2021-03-23T08:04:05.243000Z,SEK,XSTO,XSTO,MonetaryAmount,N,12-------PH---,000050542,663.0,90,,,
228,12438,2021-03-23 09:04:13,2021-03-23T08:04:13.057000Z,SE0000310336,2021-03-23 09:04:13,2021-03-23T08:04:13.057000Z,SEK,XSTO,XSTO,MonetaryAmount,N,45-3-----PH---,F050062471,663.0,5,,,Standard Routed Trade
229,12437,2021-03-23 09:04:23,2021-03-23T08:04:23.687000Z,SE0000310336,2021-03-23 09:04:23,2021-03-23T08:04:23.687000Z,SEK,XSTO,XSTO,MonetaryAmount,N,12-------PH---,000052009,662.8,38,,,
230,12436,2021-03-23 09:04:24,2021-03-23T08:04:24.913000Z,SE0000310336,2021-03-23 09:04:24,2021-03-23T08:04:24.913000Z,SEK,XSTO,XSTO,MonetaryAmount,N,12-------PH---,000052154,662.8,33,,,
231,12435,2021-03-23 09:04:32,2021-03-23T08:04:32.070000Z,SE0000310336,2021-03-23 09:04:32,2021-03-23T08:04:32.070000Z,SEK,XSTO,XSTO,MonetaryAmount,N,12-------PH---,000052878,662.8,2,,,
232,12434,2021-03-23 09:04:32,2021-03-23T08:04:32.070000Z,SE0000310336,2021-03-23 09:04:32,2021-03-23T08:04:32.070000Z,SEK,XSTO,XSTO,MonetaryAmount,N,12-------PH---,000052879,662.8,3,,,
233,12433,2021-03-23 09:04:32,2021-03-23T08:04:32.070000Z,SE0000310336,2021-03-23 09:04:32,2021-03-23T08:04:32.070000Z,SEK,XSTO,XSTO,MonetaryAmount,N,12-------PH---,000052880,662.8,133,,,
234,12432,2021-03-23 09:04:42,2021-03-23T08:04:42.357000Z,SE0000310336,2021-03-23 09:04:42,2021-03-23T08:04:42.357000Z,SEK,XSTO,XSTO,MonetaryAmount,N,12-------PH---,000053675,662.6,96,,,
235,12431,2021-03-23 09:04:57,2021-03-23T08:04:57.403000Z,SE0000310336,2021-03-23 09:04:57,2021-03-23T08:04:57.403000Z,SEK,XSTO,XSTO,MonetaryAmount,N,12-------PH---,000054816,662.4,7,,,
236,12430,2021-03-23 09:04:57,2021-03-23T08:04:57.403000Z,SE0000310336,2021-03-23 09:04:57,2021-03-23T08:04:57.403000Z,SEK,XSTO,XSTO,MonetaryAmount,N,12-------PH---,000054817,662.4,9,,,
237,12429,2021-03-23 09:04:57,2021-03-23T08:04:57.403000Z,SE0000310336,2021-03-23 09:04:57,2021-03-23T08:04:57.403000Z,SEK,XSTO,XSTO,MonetaryAmount,N,12-------PH---,000054818,662.4,8,,,
238,12428,2021-03-23 09:05:00,2021-03-23T08:05:00.377000Z,SE0000310336,2021-03-23 09:05:00,2021-03-23T08:05:00.373000Z,SEK,XSTO,XSTO,MonetaryAmount,N,45-3-----PH---,F050066938,662.4,30,,,Standard Routed Trade
239,12427,2021-03-23 09:05:05,2021-03-23T08:05:05.147000Z,SE0000310336,2021-03-23 09:05:05,2021-03-23T08:05:05.147000Z,SEK,XSTO,XSTO,MonetaryAmount,N,12-------PH---,000055611,662.4,5,,,
240,12426,2021-03-23 09:05:05,2021-03-23T08:05:05.147000Z,SE0000310336,2021-03-23 09:05:05,2021-03-23T08:05:05.147000Z,SEK,XSTO,XSTO,MonetaryAmount,N,12-------PH---,000055612,662.4,33,,,
241,12425,2021-03-23 09:05:07,2021-03-23T08:05:07.117000Z,SE0000310336,2021-03-23 09:05:07,2021-03-23T08:05:07.117000Z,SEK,XSTO,XSTO,MonetaryAmount,N,12-------PH---,000055891,662.4,20,,,
242,12424,2021-03-23 09:05:09,2021-03-23T08:05:09.910000Z,SE0000310336,2021-03-23 09:05:09,2021-03-23T08:05:09.910000Z,SEK,XSTO,XSTO,MonetaryAmount,N,12-------P----,000056421,662.6,4,,,
243,12423,2021-03-23 09:05:12,2021-03-23T08:05:12.807000Z,SE0000310336,2021-03-23 09:05:12,2021-03-23T08:05:12.807000Z,SEK,XSTO,XSTO,MonetaryAmount,N,12-------PH---,000056970,662.6,90,,,
244,12422,2021-03-23 09:05:21,2021-03-23T08:05:21.930000Z,SE0000310336,2021-03-23 09:05:21,2021-03-23T08:05:21.930000Z,SEK,MSTO,XSTO,MonetaryAmount,N,5U-------PH---,000058284,662.5,100,,,Auction On Demand
245,12421,2021-03-23 09:05:25,2021-03-23T08:05:25.583000Z,SE0000310336,2021-03-23 09:05:25,2021-03-23T08:05:25.583000Z,SEK,XSTO,XSTO,MonetaryAmount,N,12-------PH---,000058779,662.4,21,,,
246,12420,2021-03-23 09:05:25,2021-03-23T08:05:25.583000Z,SE0000310336,2021-03-23 09:05:25,2021-03-23T08:05:25.583000Z,SEK,XSTO,XSTO,MonetaryAmount,N,12-------PH---,000058780,662.4,31,,,
247,12419,2021-03-23 09:05:25,2021-03-23T08:05:25.583000Z,SE0000310336,2021-03-23 09:05:25,2021-03-23T08:05:25.583000Z,SEK,XSTO,XSTO,MonetaryAmount,N,12-------PH---,000058781,662.4,41,,,
248,12418,2021-03-23 09:05:26,2021-03-23T08:05:26.390000Z,SE0000310336,2021-03-23 09:05:26,2021-03-23T08:05:26.390000Z,SEK,XSTO,XSTO,MonetaryAmount,N,12-------PH---,000058832,662.2,44,,,
249,12417,2021-03-23 09:05:26,2021-03-23T08:05:26.390000Z,SE0000310336,2021-03-23 09:05:26,2021-03-23T08:05:26.390000Z,SEK,XSTO,XSTO,MonetaryAmount,N,12-------PH---,000058833,662.2,65,,,
250,12416,2021-03-23 09:06:01,2021-03-23T08:06:01.377000Z,SE0000310336,2021-03-23 09:06:01,2021-03-23T08:06:01.377000Z,SEK,XSTO,XSTO,MonetaryAmount,N,12-------PH---,000062467,661.8,2,,,
251,12415,2021-03-23 09:06:01,2021-03-23T08:06:01.377000Z,SE0000310336,2021-03-23 09:06:01,2021-03-23T08:06:01.377000Z,SEK,XSTO,XSTO,MonetaryAmount,N,12-------PH---,000062468,661.8,42,,,
252,12414,2021-03-23 09:06:01,2021-03-23T08:06:01.377000Z,SE0000310336,2021-03-23 09:06:01,2021-03-23T08:06:01.377000Z,SEK,XSTO,XSTO,MonetaryAmount,N,12-------PH---,000062469,661.8,100,,,
253,12413,2021-03-23 09:06:05,2021-03-23T08:06:05.487000Z,SE0000310336,2021-03-23 09:06:05,2021-03-23T08:06:05.487000Z,SEK,XSTO,XSTO,MonetaryAmount,N,12-------PH---,000062990,661.8,90,,,
254,12412,2021-03-23 09:06:07,2021-03-23T08:06:07.017000Z,SE0000310336,2021-03-23 09:06:07,2021-03-23T08:06:07.017000Z,SEK,XSTO,XSTO,MonetaryAmount,N,12-------PH---,000063180,661.8,5,,,
255,12411,2021-03-23 09:06:08,2021-03-23T08:06:08.467000Z,SE0000310336,2021-03-23 09:06:08,2021-03-23T08:06:08.467000Z,SEK,XSTO,XSTO,MonetaryAmount,N,12-------PH---,000063385,661.8,1,,,
256,12410,2021-03-23 09:06:21,2021-03-23T08:06:21.183000Z,SE0000310336,2021-03-23 09:06:21,2021-03-23T08:06:21.183000Z,SEK,XSTO,XSTO,MonetaryAmount,N,12-------PH---,000064762,661.8,1,,,
257,12409,2021-03-23 09:06:21,2021-03-23T08:06:21.183000Z,SE0000310336,2021-03-23 09:06:21,2021-03-23T08:06:21.183000Z,SEK,XSTO,XSTO,MonetaryAmount,N,12-------PH---,000064763,661.8,34,,,
258,12408,2021-03-23 09:06:39,2021-03-23T08:06:39.263000Z,SE0000310336,2021-03-23 09:06:39,2021-03-23T08:06:39.263000Z,SEK,XSTO,XSTO,MonetaryAmount,N,12-------PH---,000066460,661.4,90,,,
259,12407,2021-03-23 09:06:39,2021-03-23T08:06:39.263000Z,SE0000310336,2021-03-23 09:06:39,2021-03-23T08:06:39.263000Z,SEK,XSTO,XSTO,MonetaryAmount,N,12-------PH---,000066461,661.4,162,,,
260,12406,2021-03-23 09:06:46,2021-03-23T08:06:46.507000Z,SE0000310336,2021-03-23 09:06:46,2021-03-23T08:06:46.507000Z,SEK,XSTO,XSTO,MonetaryAmount,N,12-------PH---,000067158,661.6,19,,,
261,12405,2021-03-23 09:06:56,2021-03-23T08:06:56.540000Z,SE0000310336,2021-03-23 09:06:56,2021-03-23T08:06:56.540000Z,SEK,XSTO,XSTO,MonetaryAmount,N,12-------PH---,000068081,661.6,10,,,
262,12404,2021-03-23 09:06:56,2021-03-23T08:06:56.540000Z,SE0000310336,2021-03-23 09:06:56,2021-03-23T08:06:56.540000Z,SEK,XSTO,XSTO,MonetaryAmount,N,12-------PH---,000068082,661.6,75,,,
263,12403,2021-03-23 09:06:56,2021-03-23T08:06:56.540000Z,SE0000310336,2021-03-23 09:06:56,2021-03-23T08:06:56.540000Z,SEK,XSTO,XSTO,MonetaryAmount,N,12-------PH---,000068083,661.6,15,,,
264,12402,2021-03-23 09:06:57,2021-03-23T08:06:57.033000Z,SE0000310336,2021-03-23 09:06:57,2021-03-23T08:06:57.033000Z,SEK,XSTO,XSTO,MonetaryAmount,N,12-------PH---,000068149,661.6,16,,,
265,12401,2021-03-23 09:06:57,2021-03-23T08:06:57.173000Z,SE0000310336,2021-03-23 09:06:57,2021-03-23T08:06:57.173000Z,SEK,XSTO,XSTO,MonetaryAmount,N,12-------PH---,000068159,661.8,10,,,
266,12400,2021-03-23 09:06:57,2021-03-23T08:06:57.173000Z,SE0000310336,2021-03-23 09:06:57,2021-03-23T08:06:57.173000Z,SEK,XSTO,XSTO,MonetaryAmount,N,12-------PH---,000068160,661.8,3,,,
267,12399,2021-03-23 09:06:57,2021-03-23T08:06:57.173000Z,SE0000310336,2021-03-23 09:06:57,2021-03-23T08:06:57.173000Z,SEK,XSTO,XSTO,MonetaryAmount,N,12-------PH---,000068161,661.8,7,,,
268,12398,2021-03-23 09:06:57,2021-03-23T08:06:57.173000Z,SE0000310336,2021-03-23 09:06:57,2021-03-23T08:06:57.173000Z,SEK,XSTO,XSTO,MonetaryAmount,N,12-------PH---,000068162,661.8,162,,,
269,12397,2021-03-23 09:06:57,2021-03-23T08:06:57.173000Z,SE0000310336,2021-03-23 09:06:57,2021-03-23T08:06:57.173000Z,SEK,XSTO,XSTO,MonetaryAmount,N,12-------PH---,000068163,661.8,113,,,
270,12396,2021-03-23 09:07:01,2021-03-23T08:07:01.093000Z,SE0000310336,2021-03-23 09:07:01,2021-03-23T08:07:01.093000Z,SEK,XSTO,XSTO,MonetaryAmount,N,12-------PH---,000068528,662.0,3,,,
271,12395,2021-03-23 09:07:01,2021-03-23T08:07:01.093000Z,SE0000310336,2021-03-23 09:07:01,2021-03-23T08:07:01.093000Z,SEK,XSTO,XSTO,MonetaryAmount,N,12-------PH---,000068529,662.0,13,,,
272,12394,2021-03-23 09:07:09,2021-03-23T08:07:09.837000Z,SE0000310336,2021-03-23 09:07:09,2021-03-23T08:07:09.837000Z,SEK,XSTO,XSTO,MonetaryAmount,N,12-------PH---,000069357,662.0,45,,,
273,12393,2021-03-23 09:07:09,2021-03-23T08:07:09.837000Z,SE0000310336,2021-03-23 09:07:09,2021-03-23T08:07:09.837000Z,SEK,XSTO,XSTO,MonetaryAmount,N,12-------PH---,000069358,662.0,27,,,
274,12392,2021-03-23 09:07:09,2021-03-23T08:07:09.837000Z,SE0000310336,2021-03-23 09:07:09,2021-03-23T08:07:09.837000Z,SEK,XSTO,XSTO,MonetaryAmount,N,12-------PH---,000069359,662.0,7,,,
275,12391,2021-03-23 09:07:09,2021-03-23T08:07:09.837000Z,SE0000310336,2021-03-23 09:07:09,2021-03-23T08:07:09.837000Z,SEK,XSTO,XSTO,MonetaryAmount,N,12-------PH---,000069360,662.0,35,,,
276,12390,2021-03-23 09:07:09,2021-03-23T08:07:09.843000Z,SE0000310336,2021-03-23 09:07:09,2021-03-23T08:07:09.843000Z,SEK,XSTO,XSTO,MonetaryAmount,N,45-3-----PH---,F050081194,662.0,20,,,Standard Routed Trade
277,12389,2021-03-23 09:07:10,2021-03-23T08:07:10.917000Z,SE0000310336,2021-03-23 09:07:10,2021-03-23T08:07:10.917000Z,SEK,XSTO,XSTO,MonetaryAmount,N,12-------PH---,000069490,662.0,75,,,
278,12388,2021-03-23 09:07:10,2021-03-23T08:07:10.917000Z,SE0000310336,2021-03-23 09:07:10,2021-03-23T08:07:10.917000Z,SEK,XSTO,XSTO,MonetaryAmount,N,12-------PH---,000069491,662.0,3,,,
279,12387,2021-03-23 09:07:15,2021-03-23T08:07:15.827000Z,SE0000310336,2021-03-23 09:07:15,2021-03-23T08:07:15.827000Z,SEK,XSTO,XSTO,MonetaryAmount,N,12-------PH---,000070026,661.8,45,,,
280,12386,2021-03-23 09:07:20,2021-03-23T08:07:20.490000Z,SE0000310336,2021-03-23 09:07:20,2021-03-23T08:07:20.490000Z,SEK,XSTO,XSTO,MonetaryAmount,N,12-------PH---,000070414,661.6,15,,,
281,12385,2021-03-23 09:07:25,2021-03-23T08:07:25.977000Z,SE0000310336,2021-03-23 09:07:25,2021-03-23T08:07:25.977000Z,SEK,XSTO,XSTO,MonetaryAmount,N,12-------PH---,000071049,661.4,44,,,
282,12384,2021-03-23 09:07:30,2021-03-23T08:07:30.340000Z,SE0000310336,2021-03-23 09:07:30,2021-03-23T08:07:30.340000Z,SEK,XSTO,XSTO,MonetaryAmount,N,12-------PH---,000071507,661.8,27,,,
283,12383,2021-03-23 09:07:47,2021-03-23T08:07:47.630000Z,SE0000310336,2021-03-23 09:07:47,2021-03-23T08:07:47.630000Z,SEK,XSTO,XSTO,MonetaryAmount,N,12-------PH---,000072726,662.0,2,,,
284,12382,2021-03-23 09:07:47,2021-03-23T08:07:47.630000Z,SE0000310336,2021-03-23 09:07:47,2021-03-23T08:07:47.630000Z,SEK,XSTO,XSTO,MonetaryAmount,N,12-------PH---,000072727,662.0,88,,,
285,12381,2021-03-23 09:07:47,2021-03-23T08:07:47.630000Z,SE0000310336,2021-03-23 09:07:47,2021-03-23T08:07:47.630000Z,SEK,XSTO,XSTO,MonetaryAmount,N,12-------PH---,000072728,662.0,169,,,
286,12380,2021-03-23 09:07:47,2021-03-23T08:07:47.630000Z,SE0000310336,2021-03-23 09:07:47,2021-03-23T08:07:47.630000Z,SEK,XSTO,XSTO,MonetaryAmount,N,12-------PH---,000072729,662.0,127,,,
287,12379,2021-03-23 09:07:47,2021-03-23T08:07:47.630000Z,SE0000310336,2021-03-23 09:07:47,2021-03-23T08:07:47.630000Z,SEK,XSTO,XSTO,MonetaryAmount,N,12-------PH---,000072730,662.0,25,,,
288,12378,2021-03-23 09:07:47,2021-03-23T08:07:47.630000Z,SE0000310336,2021-03-23 09:07:47,2021-03-23T08:07:47.630000Z,SEK,XSTO,XSTO,MonetaryAmount,N,12-------PH---,000072731,662.0,30,,,
289,12377,2021-03-23 09:07:47,2021-03-23T08:07:47.650000Z,SE0000310336,2021-03-23 09:07:47,2021-03-23T08:07:47.650000Z,SEK,XSTO,XSTO,MonetaryAmount,N,12-------PH---,000072733,662.2,119,,,
290,12376,2021-03-23 09:07:47,2021-03-23T08:07:47.930000Z,SE0000310336,2021-03-23 09:07:47,2021-03-23T08:07:47.930000Z,SEK,MSTO,XSTO,MonetaryAmount,N,5U-------P----,000072756,662.2,69,,,Auction On Demand
291,12375,2021-03-23 09:07:51,2021-03-23T08:07:51.463000Z,SE0000310336,2021-03-23 09:07:51,2021-03-23T08:07:51.463000Z,SEK,MSTO,XSTO,MonetaryAmount,N,5U-------PH---,000073075,662.1,50,,,Auction On Demand
292,12374,2021-03-23 09:07:51,2021-03-23T08:07:51.983000Z,SE0000310336,2021-03-23 09:07:51,2021-03-23T08:07:51.983000Z,SEK,XSTO,XSTO,MonetaryAmount,N,12-------PH---,000073109,662.0,10,,,
293,12373,2021-03-23 09:08:03,2021-03-23T08:08:03.690000Z,SE0000310336,2021-03-23 09:08:03,2021-03-23T08:08:03.690000Z,SEK,XSTO,XSTO,MonetaryAmount,N,12-------PH---,000074147,662.0,8,,,
294,12372,2021-03-23 09:08:03,2021-03-23T08:08:03.690000Z,SE0000310336,2021-03-23 09:08:03,2021-03-23T08:08:03.690000Z,SEK,XSTO,XSTO,MonetaryAmount,N,12-------PH---,000074148,662.0,90,,,
295,12371,2021-03-23 09:08:10,2021-03-23T08:08:10.897000Z,SE0000310336,2021-03-23 09:08:10,2021-03-23T08:08:10.897000Z,SEK,XSTO,XSTO,MonetaryAmount,N,12-------PH---,000075240,661.8,22,,,
296,12370,2021-03-23 09:08:10,2021-03-23T08:08:10.900000Z,SE0000310336,2021-03-23 09:08:10,2021-03-23T08:08:10.900000Z,SEK,XSTO,XSTO,MonetaryAmount,N,12-------PH---,000075241,661.8,68,,,
297,12369,2021-03-23 09:08:10,2021-03-23T08:08:10.900000Z,SE0000310336,2021-03-23 09:08:10,2021-03-23T08:08:10.900000Z,SEK,XSTO,XSTO,MonetaryAmount,N,12-------PH---,000075242,661.8,18,,,
298,12368,2021-03-23 09:08:10,2021-03-23T08:08:10.900000Z,SE0000310336,2021-03-23 09:08:10,2021-03-23T08:08:10.900000Z,SEK,XSTO,XSTO,MonetaryAmount,N,12-------PH---,000075243,661.8,33,,,
299,12367,2021-03-23 09:08:10,2021-03-23T08:08:10.900000Z,SE0000310336,2021-03-23 09:08:10,2021-03-23T08:08:10.900000Z,SEK,XSTO,XSTO,MonetaryAmount,N,12-------PH---,000075244,662.0,8,,,
300,12366,2021-03-23 09:08:10,2021-03-23T08:08:10.900000Z,SE0000310336,2021-03-23 09:08:10,2021-03-23T08:08:10.900000Z,SEK,XSTO,XSTO,MonetaryAmount,N,12-------PH---,000075245,662.0,48,,,
301,12365,2021-03-23 09:08:10,2021-03-23T08:08:10.900000Z,SE0000310336,2021-03-23 09:08:10,2021-03-23T08:08:10.900000Z,SEK,XSTO,XSTO,MonetaryAmount,N,12-------PH---,000075246,662.0,8,,,
302,12364,2021-03-23 09:08:10,2021-03-23T08:08:10.903000Z,SE0000310336,2021-03-23 09:08:10,2021-03-23T08:08:10.903000Z,SEK,XSTO,XSTO,MonetaryAmount,N,12-------PH---,000075247,661.8,90,,,
303,12363,2021-03-23 09:08:17,2021-03-23T08:08:17.267000Z,SE0000310336,2021-03-23 09:08:17,2021-03-23T08:08:17.267000Z,SEK,XSTO,XSTO,MonetaryAmount,N,12-------PH---,000076018,662.2,1,,,
304,12362,2021-03-23 09:08:17,2021-03-23T08:08:17.267000Z,SE0000310336,2021-03-23 09:08:17,2021-03-23T08:08:17.267000Z,SEK,XSTO,XSTO,MonetaryAmount,N,12-------PH---,000076019,662.2,1,,,
305,12361,2021-03-23 09:08:17,2021-03-23T08:08:17.267000Z,SE0000310336,2021-03-23 09:08:17,2021-03-23T08:08:17.267000Z,SEK,XSTO,XSTO,MonetaryAmount,N,12-------PH---,000076020,662.2,4,,,
306,12360,2021-03-23 09:08:24,2021-03-23T08:08:24.683000Z,SE0000310336,2021-03-23 09:08:24,2021-03-23T08:08:24.683000Z,SEK,XSTO,XSTO,MonetaryAmount,N,12-------PH---,000076695,662.6,189,,,
307,12359,2021-03-23 09:08:24,2021-03-23T08:08:24.683000Z,SE0000310336,2021-03-23 09:08:24,2021-03-23T08:08:24.683000Z,SEK,XSTO,XSTO,MonetaryAmount,N,12-------PH---,000076696,662.6,90,,,
308,12358,2021-03-23 09:08:24,2021-03-23T08:08:24.683000Z,SE0000310336,2021-03-23 09:08:24,2021-03-23T08:08:24.683000Z,SEK,XSTO,XSTO,MonetaryAmount,N,12-------PH---,000076697,662.6,20,,,
309,12357,2021-03-23 09:08:24,2021-03-23T08:08:24.683000Z,SE0000310336,2021-03-23 09:08:24,2021-03-23T08:08:24.683000Z,SEK,XSTO,XSTO,MonetaryAmount,N,12-------PH---,000076698,662.6,6,,,
310,12356,2021-03-23 09:08:25,2021-03-23T08:08:25.210000Z,SE0000310336,2021-03-23 09:08:25,2021-03-23T08:08:25.210000Z,SEK,XSTO,XSTO,MonetaryAmount,N,12-------PH---,000076771,662.4,90,,,
311,12355,2021-03-23 09:08:25,2021-03-23T08:08:25.210000Z,SE0000310336,2021-03-23 09:08:25,2021-03-23T08:08:25.210000Z,SEK,XSTO,XSTO,MonetaryAmount,N,12-------PH---,000076772,662.4,150,,,
312,12354,2021-03-23 09:08:25,2021-03-23T08:08:25.230000Z,SE0000310336,2021-03-23 09:08:25,2021-03-23T08:08:25.230000Z,SEK,XSTO,XSTO,MonetaryAmount,N,12-------PH---,000076780,662.4,100,,,
313,12353,2021-03-23 09:08:25,2021-03-23T08:08:25.230000Z,SE0000310336,2021-03-23 09:08:25,2021-03-23T08:08:25.230000Z,SEK,XSTO,XSTO,MonetaryAmount,N,12-------PH---,000076781,662.2,41,,,
314,12352,2021-03-23 09:08:25,2021-03-23T08:08:25.230000Z,SE0000310336,2021-03-23 09:08:25,2021-03-23T08:08:25.230000Z,SEK,XSTO,XSTO,MonetaryAmount,N,12-------PH---,000076782,662.2,91,,,
315,12351,2021-03-23 09:08:27,2021-03-23T08:08:27.410000Z,SE0000310336,2021-03-23 09:08:27,2021-03-23T08:08:27.410000Z,SEK,XSTO,XSTO,MonetaryAmount,N,12-------PH---,000076942,662.2,2,,,
316,12350,2021-03-23 09:08:31,2021-03-23T08:08:31.457000Z,SE0000310336,2021-03-23 09:08:31,2021-03-23T08:08:31.457000Z,SEK,XSTO,XSTO,MonetaryAmount,N,12-------PH---,000077307,662.6,43,,,
317,12349,2021-03-23 09:08:31,2021-03-23T08:08:31.457000Z,SE0000310336,2021-03-23 09:08:31,2021-03-23T08:08:31.457000Z,SEK,XSTO,XSTO,MonetaryAmount,N,12-------PH---,000077308,662.6,90,,,
318,12348,2021-03-23 09:08:31,2021-03-23T08:08:31.457000Z,SE0000310336,2021-03-23 09:08:31,2021-03-23T08:08:31.457000Z,SEK,XSTO,XSTO,MonetaryAmount,N,12-------PH---,000077309,662.6,3,,,
319,12347,2021-03-23 09:08:37,2021-03-23T08:08:37.813000Z,SE0000310336,2021-03-23 09:08:37,2021-03-23T08:08:37.813000Z,SEK,XSTO,XSTO,MonetaryAmount,N,12-------PH---,000077784,662.4,90,,,
320,12346,2021-03-23 09:08:37,2021-03-23T08:08:37.813000Z,SE0000310336,2021-03-23 09:08:37,2021-03-23T08:08:37.813000Z,SEK,XSTO,XSTO,MonetaryAmount,N,12-------PH---,000077785,662.4,32,,,
321,12345,2021-03-23 09:08:37,2021-03-23T08:08:37.867000Z,SE0000310336,2021-03-23 09:08:37,2021-03-23T08:08:37.867000Z,SEK,XSTO,XSTO,MonetaryAmount,N,12-------P----,000077788,662.4,39,,,
322,12344,2021-03-23 09:08:50,2021-03-23T08:08:50.553000Z,SE0000310336,2021-03-23 09:08:50,2021-03-23T08:08:50.553000Z,SEK,XSTO,XSTO,MonetaryAmount,N,12-------PH---,000078810,662.6,47,,,
323,12343,2021-03-23 09:08:50,2021-03-23T08:08:50.553000Z,SE0000310336,2021-03-23 09:08:50,2021-03-23T08:08:50.553000Z,SEK,XSTO,XSTO,MonetaryAmount,N,12-------PH---,000078811,662.6,23,,,
324,12342,2021-03-23 09:08:50,2021-03-23T08:08:50.553000Z,SE0000310336,2021-03-23 09:08:50,2021-03-23T08:08:50.553000Z,SEK,XSTO,XSTO,MonetaryAmount,N,12-------PH---,000078812,662.6,169,,,
325,12341,2021-03-23 09:08:53,2021-03-23T08:08:53.080000Z,SE0000310336,2021-03-23 09:08:53,2021-03-23T08:08:53.080000Z,SEK,XSTO,XSTO,MonetaryAmount,N,12-------PH---,000079022,662.6,90,,,
326,12340,2021-03-23 09:08:53,2021-03-23T08:08:53.080000Z,SE0000310336,2021-03-23 09:08:53,2021-03-23T08:08:53.080000Z,SEK,XSTO,XSTO,MonetaryAmount,N,12-------PH---,000079023,662.6,6,,,
327,12339,2021-03-23 09:08:53,2021-03-23T08:08:53.347000Z,SE0000310336,2021-03-23 09:08:53,2021-03-23T08:08:53.347000Z,SEK,XSTO,XSTO,MonetaryAmount,N,12-------PH---,000079034,662.4,6,,,
328,12338,2021-03-23 09:08:58,2021-03-23T08:08:58.050000Z,SE0000310336,2021-03-23 09:08:58,2021-03-23T08:08:58.050000Z,SEK,XSTO,XSTO,MonetaryAmount,N,12-------PH---,000079283,662.4,10,,,
329,12337,2021-03-23 09:09:05,2021-03-23T08:09:05.093000Z,SE0000310336,2021-03-23 09:09:05,2021-03-23T08:09:05.093000Z,SEK,XSTO,XSTO,MonetaryAmount,N,12-------PH---,000079881,662.4,25,,,
330,12336,2021-03-23 09:09:05,2021-03-23T08:09:05.093000Z,SE0000310336,2021-03-23 09:09:05,2021-03-23T08:09:05.093000Z,SEK,XSTO,XSTO,MonetaryAmount,N,12-------PH---,000079882,662.4,38,,,
331,12335,2021-03-23 09:09:09,2021-03-23T08:09:09.403000Z,SE0000310336,2021-03-23 09:09:09,2021-03-23T08:09:09.403000Z,SEK,XSTO,XSTO,MonetaryAmount,N,12-------PH---,000080206,662.4,4,,,
332,12334,2021-03-23 09:09:09,2021-03-23T08:09:09.427000Z,SE0000310336,2021-03-23 09:09:09,2021-03-23T08:09:09.427000Z,SEK,XSTO,XSTO,MonetaryAmount,N,12-------PH---,000080209,662.4,284,,,
333,12333,2021-03-23 09:09:10,2021-03-23T08:09:10.297000Z,SE0000310336,2021-03-23 09:09:10,2021-03-23T08:09:10.297000Z,SEK,XSTO,XSTO,MonetaryAmount,N,12-------PH---,000080270,662.4,90,,,
334,12332,2021-03-23 09:09:10,2021-03-23T08:09:10.297000Z,SE0000310336,2021-03-23 09:09:10,2021-03-23T08:09:10.297000Z,SEK,XSTO,XSTO,MonetaryAmount,N,12-------P----,000080271,662.4,5,,,
335,12331,2021-03-23 09:09:17,2021-03-23T08:09:17.273000Z,SE0000310336,2021-03-23 09:09:17,2021-03-23T08:09:17.273000Z,SEK,XSTO,XSTO,MonetaryAmount,N,12-------PH---,000080671,662.6,182,,,
336,12330,2021-03-23 09:09:26,2021-03-23T08:09:26.453000Z,SE0000310336,2021-03-23 09:09:26,2021-03-23T08:09:26.453000Z,SEK,XSTO,XSTO,MonetaryAmount,N,12-------PH---,000081533,662.6,51,,,
337,12329,2021-03-23 09:09:26,2021-03-23T08:09:26.470000Z,SE0000310336,2021-03-23 09:09:26,2021-03-23T08:09:26.470000Z,SEK,XSTO,XSTO,MonetaryAmount,N,12-------PH---,000081534,662.6,39,,,
338,12328,2021-03-23 09:09:28,2021-03-23T08:09:28.310000Z,SE0000310336,2021-03-23 09:09:28,2021-03-23T08:09:28.310000Z,SEK,XSTO,XSTO,MonetaryAmount,N,12-------PH---,000081659,662.6,32,,,
339,12327,2021-03-23 09:09:29,2021-03-23T08:09:29.133000Z,SE0000310336,2021-03-23 09:09:29,2021-03-23T08:09:29.137000Z,SEK,XSTO,XSTO,MonetaryAmount,N,12-------PH---,000081693,662.8,14,,,
340,12326,2021-03-23 09:09:37,2021-03-23T08:09:37.133000Z,SE0000310336,2021-03-23 09:09:37,2021-03-23T08:09:37.133000Z,SEK,XSTO,XSTO,MonetaryAmount,N,12-------PH---,000082231,663.0,90,,,
341,12325,2021-03-23 09:09:37,2021-03-23T08:09:37.133000Z,SE0000310336,2021-03-23 09:09:37,2021-03-23T08:09:37.133000Z,SEK,XSTO,XSTO,MonetaryAmount,N,12-------PH---,000082232,663.0,123,,,
342,12324,2021-03-23 09:09:37,2021-03-23T08:09:37.133000Z,SE0000310336,2021-03-23 09:09:37,2021-03-23T08:09:37.133000Z,SEK,XSTO,XSTO,MonetaryAmount,N,12-------PH---,000082233,663.0,176,,,
343,12323,2021-03-23 09:09:50,2021-03-23T08:09:50.833000Z,SE0000310336,2021-03-23 09:09:50,2021-03-23T08:09:50.833000Z,SEK,XSTO,XSTO,MonetaryAmount,N,12-------PH---,000083269,663.4,90,,,
344,12322,2021-03-23 09:09:50,2021-03-23T08:09:50.833000Z,SE0000310336,2021-03-23 09:09:50,2021-03-23T08:09:50.833000Z,SEK,XSTO,XSTO,MonetaryAmount,N,12-------PH---,000083270,663.4,83,,,
345,12321,2021-03-23 09:09:50,2021-03-23T08:09:50.833000Z,SE0000310336,2021-03-23 09:09:50,2021-03-23T08:09:50.833000Z,SEK,XSTO,XSTO,MonetaryAmount,N,12-------PH---,000083271,663.4,111,,,
346,12320,2021-03-23 09:09:50,2021-03-23T08:09:50.833000Z,SE0000310336,2021-03-23 09:09:50,2021-03-23T08:09:50.833000Z,SEK,XSTO,XSTO,MonetaryAmount,N,12-------PH---,000083272,663.4,55,,,
347,12319,2021-03-23 09:09:53,2021-03-23T08:09:53.757000Z,SE0000310336,2021-03-23 09:09:53,2021-03-23T08:09:53.757000Z,SEK,XSTO,XSTO,MonetaryAmount,N,12-------PH---,000083469,663.4,90,,,
348,12318,2021-03-23 09:09:53,2021-03-23T08:09:53.757000Z,SE0000310336,2021-03-23 09:09:53,2021-03-23T08:09:53.757000Z,SEK,XSTO,XSTO,MonetaryAmount,N,12-------PH---,000083470,663.4,33,,,
349,12317,2021-03-23 09:09:53,2021-03-23T08:09:53.980000Z,SE0000310336,2021-03-23 09:09:53,2021-03-23T08:09:53.980000Z,SEK,XSTO,XSTO,MonetaryAmount,N,12-------PH---,000083479,663.2,3,,,
350,12316,2021-03-23 09:09:56,2021-03-23T08:09:56.370000Z,SE0000310336,2021-03-23 09:09:56,2021-03-23T08:09:56.370000Z,SEK,XSTO,XSTO,MonetaryAmount,N,12-------PH---,000083622,663.4,47,,,
351,12315,2021-03-23 09:10:02,2021-03-23T08:10:02.723000Z,SE0000310336,2021-03-23 09:10:02,2021-03-23T08:10:02.723000Z,SEK,XSTO,XSTO,MonetaryAmount,N,12-------PH---,000084005,663.2,65,,,
352,12314,2021-03-23 09:10:02,2021-03-23T08:10:02.723000Z,SE0000310336,2021-03-23 09:10:02,2021-03-23T08:10:02.723000Z,SEK,XSTO,XSTO,MonetaryAmount,N,12-------PH---,000084006,663.2,46,,,
353,12313,2021-03-23 09:10:02,2021-03-23T08:10:02.723000Z,SE0000310336,2021-03-23 09:10:02,2021-03-23T08:10:02.723000Z,SEK,XSTO,XSTO,MonetaryAmount,N,12-------PH---,000084007,663.2,36,,,
354,12312,2021-03-23 09:10:02,2021-03-23T08:10:02.727000Z,SE0000310336,2021-03-23 09:10:02,2021-03-23T08:10:02.727000Z,SEK,XSTO,XSTO,MonetaryAmount,N,12-------PH---,000084008,663.0,61,,,
355,12311,2021-03-23 09:10:02,2021-03-23T08:10:02.743000Z,SE0000310336,2021-03-23 09:10:02,2021-03-23T08:10:02.743000Z,SEK,XSTO,XSTO,MonetaryAmount,N,12-------PH---,000084009,663.0,150,,,
356,12310,2021-03-23 09:10:29,2021-03-23T08:10:29.957000Z,SE0000310336,2021-03-23 09:10:29,2021-03-23T08:10:29.957000Z,SEK,XSTO,XSTO,MonetaryAmount,N,12-------PH---,000085944,663.4,90,,,
357,12309,2021-03-23 09:10:29,2021-03-23T08:10:29.957000Z,SE0000310336,2021-03-23 09:10:29,2021-03-23T08:10:29.957000Z,SEK,XSTO,XSTO,MonetaryAmount,N,12-------PH---,000085945,663.4,122,,,
358,12308,2021-03-23 09:10:29,2021-03-23T08:10:29.957000Z,SE0000310336,2021-03-23 09:10:29,2021-03-23T08:10:29.957000Z,SEK,XSTO,XSTO,MonetaryAmount,N,12-------PH---,000085946,663.4,3,,,
359,12307,2021-03-23 09:10:29,2021-03-23T08:10:29.957000Z,SE0000310336,2021-03-23 09:10:29,2021-03-23T08:10:29.957000Z,SEK,XSTO,XSTO,MonetaryAmount,N,12-------PH---,000085947,663.4,134,,,
360,12306,2021-03-23 09:10:42,2021-03-23T08:10:42.153000Z,SE0000310336,2021-03-23 09:10:42,2021-03-23T08:10:42.153000Z,SEK,XSTO,XSTO,MonetaryAmount,N,12-------PH---,000086821,663.4,119,,,
361,12305,2021-03-23 09:10:42,2021-03-23T08:10:42.153000Z,SE0000310336,2021-03-23 09:10:42,2021-03-23T08:10:42.153000Z,SEK,XSTO,XSTO,MonetaryAmount,N,12-------P----,000086822,663.4,56,,,
362,12304,2021-03-23 09:10:44,2021-03-23T08:10:44.220000Z,SE0000310336,2021-03-23 09:10:44,2021-03-23T08:10:44.220000Z,SEK,XSTO,XSTO,MonetaryAmount,N,12-------PH---,000087042,663.6,65,,,
363,12303,2021-03-23 09:10:44,2021-03-23T08:10:44.220000Z,SE0000310336,2021-03-23 09:10:44,2021-03-23T08:10:44.220000Z,SEK,XSTO,XSTO,MonetaryAmount,N,12-------PH---,000087043,663.6,15,,,
364,12302,2021-03-23 09:10:44,2021-03-23T08:10:44.220000Z,SE0000310336,2021-03-23 09:10:44,2021-03-23T08:10:44.220000Z,SEK,XSTO,XSTO,MonetaryAmount,N,12-------PH---,000087044,663.6,5,,,
365,12301,2021-03-23 09:10:44,2021-03-23T08:10:44.337000Z,SE0000310336,2021-03-23 09:10:44,2021-03-23T08:10:44.337000Z,SEK,XSTO,XSTO,MonetaryAmount,N,12-------PH---,000087054,663.8,90,,,
366,12300,2021-03-23 09:10:54,2021-03-23T08:10:54.653000Z,SE0000310336,2021-03-23 09:10:54,2021-03-23T08:10:54.653000Z,SEK,XSTO,XSTO,MonetaryAmount,N,12-------PH---,000087763,663.6,6,,,
367,12299,2021-03-23 09:10:54,2021-03-23T08:10:54.653000Z,SE0000310336,2021-03-23 09:10:54,2021-03-23T08:10:54.653000Z,SEK,XSTO,XSTO,MonetaryAmount,N,12-------PH---,000087764,663.6,39,,,
368,12298,2021-03-23 09:10:54,2021-03-23T08:10:54.653000Z,SE0000310336,2021-03-23 09:10:54,2021-03-23T08:10:54.653000Z,SEK,XSTO,XSTO,MonetaryAmount,N,12-------PH---,000087765,663.6,29,,,
369,12297,2021-03-23 09:10:54,2021-03-23T08:10:54.653000Z,SE0000310336,2021-03-23 09:10:54,2021-03-23T08:10:54.653000Z,SEK,XSTO,XSTO,MonetaryAmount,N,12-------PH---,000087766,663.4,29,,,
370,12296,2021-03-23 09:10:54,2021-03-23T08:10:54.653000Z,SE0000310336,2021-03-23 09:10:54,2021-03-23T08:10:54.653000Z,SEK,XSTO,XSTO,MonetaryAmount,N,12-------PH---,000087767,663.4,86,,,
371,12295,2021-03-23 09:10:54,2021-03-23T08:10:54.653000Z,SE0000310336,2021-03-23 09:10:54,2021-03-23T08:10:54.653000Z,SEK,XSTO,XSTO,MonetaryAmount,N,12-------PH---,000087768,663.4,100,,,
372,12294,2021-03-23 09:10:54,2021-03-23T08:10:54.653000Z,SE0000310336,2021-03-23 09:10:54,2021-03-23T08:10:54.653000Z,SEK,XSTO,XSTO,MonetaryAmount,N,12-------PH---,000087769,663.4,83,,,
373,12293,2021-03-23 09:10:54,2021-03-23T08:10:54.653000Z,SE0000310336,2021-03-23 09:10:54,2021-03-23T08:10:54.653000Z,SEK,XSTO,XSTO,MonetaryAmount,N,12-------PH---,000087770,663.4,43,,,
374,12292,2021-03-23 09:10:54,2021-03-23T08:10:54.653000Z,SE0000310336,2021-03-23 09:10:54,2021-03-23T08:10:54.653000Z,SEK,XSTO,XSTO,MonetaryAmount,N,12-------PH---,000087771,663.4,70,,,
375,12291,2021-03-23 09:10:54,2021-03-23T08:10:54.653000Z,SE0000310336,2021-03-23 09:10:54,2021-03-23T08:10:54.653000Z,SEK,XSTO,XSTO,MonetaryAmount,N,12-------PH---,000087772,663.2,15,,,
376,12290,2021-03-23 09:11:02,2021-03-23T08:11:02.990000Z,SE0000310336,2021-03-23 09:11:02,2021-03-23T08:11:02.990000Z,SEK,XSTO,XSTO,MonetaryAmount,N,12-------PH---,000088407,664.0,100,,,
377,12289,2021-03-23 09:11:02,2021-03-23T08:11:02.990000Z,SE0000310336,2021-03-23 09:11:02,2021-03-23T08:11:02.990000Z,SEK,XSTO,XSTO,MonetaryAmount,N,12-------PH---,000088408,664.0,4,,,
378,12288,2021-03-23 09:11:02,2021-03-23T08:11:02.990000Z,SE0000310336,2021-03-23 09:11:02,2021-03-23T08:11:02.990000Z,SEK,XSTO,XSTO,MonetaryAmount,N,12-------PH---,000088409,664.0,132,,,
379,12287,2021-03-23 09:11:03,2021-03-23T08:11:03.013000Z,SE0000310336,2021-03-23 09:11:03,2021-03-23T08:11:03.013000Z,SEK,XSTO,XSTO,MonetaryAmount,N,12-------PH---,000088435,664.0,90,,,
380,12286,2021-03-23 09:11:20,2021-03-23T08:11:20.227000Z,SE0000310336,2021-03-23 09:11:20,2021-03-23T08:11:20.227000Z,SEK,XSTO,XSTO,MonetaryAmount,N,12-------PH---,000089590,664.4,80,,,
381,12285,2021-03-23 09:11:25,2021-03-23T08:11:25.803000Z,SE0000310336,2021-03-23 09:11:25,2021-03-23T08:11:25.803000Z,SEK,MSTO,XSTO,MonetaryAmount,N,5U-------PH---,000089933,664.6,34,,,Auction On Demand
382,12284,2021-03-23 09:11:29,2021-03-23T08:11:29.577000Z,SE0000310336,2021-03-23 09:11:29,2021-03-23T08:11:29.577000Z,SEK,XSTO,XSTO,MonetaryAmount,N,12-------PH---,000090097,664.6,3,,,
383,12283,2021-03-23 09:11:36,2021-03-23T08:11:36.967000Z,SE0000310336,2021-03-23 09:11:36,2021-03-23T08:11:36.967000Z,SEK,XSTO,XSTO,MonetaryAmount,N,12-------PH---,000090564,664.6,1,,,
384,12282,2021-03-23 09:11:53,2021-03-23T08:11:53.623000Z,SE0000310336,2021-03-23 09:11:53,2021-03-23T08:11:53.623000Z,SEK,XSTO,XSTO,MonetaryAmount,N,12-------PH---,000091613,664.2,65,,,
385,12281,2021-03-23 09:11:53,2021-03-23T08:11:53.623000Z,SE0000310336,2021-03-23 09:11:53,2021-03-23T08:11:53.623000Z,SEK,XSTO,XSTO,MonetaryAmount,N,12-------PH---,000091614,664.2,24,,,
386,12280,2021-03-23 09:11:53,2021-03-23T08:11:53.623000Z,SE0000310336,2021-03-23 09:11:53,2021-03-23T08:11:53.623000Z,SEK,XSTO,XSTO,MonetaryAmount,N,12-------PH---,000091615,664.2,41,,,
387,12279,2021-03-23 09:11:53,2021-03-23T08:11:53.807000Z,SE0000310336,2021-03-23 09:11:53,2021-03-23T08:11:53.807000Z,SEK,MSTO,XSTO,MonetaryAmount,N,5U-------P----,000091632,664.2,74,,,Auction On Demand
388,12278,2021-03-23 09:11:56,2021-03-23T08:11:56.220000Z,SE0000310336,2021-03-23 09:11:56,2021-03-23T08:11:56.220000Z,SEK,XSTO,XSTO,MonetaryAmount,N,12-------PH---,000091852,664.0,88,,,
389,12277,2021-03-23 09:12:04,2021-03-23T08:12:04.980000Z,SE0000310336,2021-03-23 09:12:04,2021-03-23T08:12:04.980000Z,SEK,XSTO,XSTO,MonetaryAmount,N,12-------PH---,000092467,664.2,19,,,
390,12276,2021-03-23 09:12:04,2021-03-23T08:12:04.980000Z,SE0000310336,2021-03-23 09:12:04,2021-03-23T08:12:04.980000Z,SEK,XSTO,XSTO,MonetaryAmount,N,12-------PH---,000092468,664.2,15,,,
391,12275,2021-03-23 09:12:11,2021-03-23T08:12:11.913000Z,SE0000310336,2021-03-23 09:12:11,2021-03-23T08:12:11.913000Z,SEK,XSTO,XSTO,MonetaryAmount,N,12-------PH---,000092969,664.2,2,,,
392,12274,2021-03-23 09:12:11,2021-03-23T08:12:11.913000Z,SE0000310336,2021-03-23 09:12:11,2021-03-23T08:12:11.913000Z,SEK,XSTO,XSTO,MonetaryAmount,N,12-------PH---,000092970,664.2,4,,,
393,12273,2021-03-23 09:12:11,2021-03-23T08:12:11.913000Z,SE0000310336,2021-03-23 09:12:11,2021-03-23T08:12:11.913000Z,SEK,XSTO,XSTO,MonetaryAmount,N,12-------PH---,000092971,664.2,119,,,
394,12272,2021-03-23 09:12:11,2021-03-23T08:12:11.913000Z,SE0000310336,2021-03-23 09:12:11,2021-03-23T08:12:11.913000Z,SEK,XSTO,XSTO,MonetaryAmount,N,12-------PH---,000092972,664.2,120,,,
395,12271,2021-03-23 09:12:11,2021-03-23T08:12:11.913000Z,SE0000310336,2021-03-23 09:12:11,2021-03-23T08:12:11.913000Z,SEK,XSTO,XSTO,MonetaryAmount,N,12-------PH---,000092973,664.2,6,,,
396,12270,2021-03-23 09:12:33,2021-03-23T08:12:33.957000Z,SE0000310336,2021-03-23 09:12:33,2021-03-23T08:12:33.957000Z,SEK,XSTO,XSTO,MonetaryAmount,N,12-------PH---,000094121,664.2,90,,,
397,12269,2021-03-23 09:12:34,2021-03-23T08:12:34.953000Z,SE0000310336,2021-03-23 09:12:34,2021-03-23T08:12:34.953000Z,SEK,XSTO,XSTO,MonetaryAmount,N,12-------PH---,000094180,664.0,31,,,
398,12268,2021-03-23 09:12:34,2021-03-23T08:12:34.953000Z,SE0000310336,2021-03-23 09:12:34,2021-03-23T08:12:34.953000Z,SEK,XSTO,XSTO,MonetaryAmount,N,12-------PH---,000094181,664.0,35,,,
399,12267,2021-03-23 09:12:39,2021-03-23T08:12:39.923000Z,SE0000310336,2021-03-23 09:12:39,2021-03-23T08:12:39.923000Z,SEK,XSTO,XSTO,MonetaryAmount,N,12-------PH---,000094482,664.2,90,,,
400,12266,2021-03-23 09:12:48,2021-03-23T08:12:48.103000Z,SE0000310336,2021-03-23 09:12:48,2021-03-23T08:12:48.103000Z,SEK,XSTO,XSTO,MonetaryAmount,N,12-------PH---,000094978,664.2,26,,,
401,12265,2021-03-23 09:13:06,2021-03-23T08:13:06.103000Z,SE0000310336,2021-03-23 09:13:06,2021-03-23T08:13:06.103000Z,SEK,XSTO,XSTO,MonetaryAmount,N,12-------PH---,000095971,664.4,22,,,
402,12264,2021-03-23 09:13:07,2021-03-23T08:13:07.353000Z,SE0000310336,2021-03-23 09:13:07,2021-03-23T08:13:07.353000Z,SEK,XSTO,XSTO,MonetaryAmount,N,12-------PH---,000096065,664.2,4,,,
403,12263,2021-03-23 09:13:07,2021-03-23T08:13:07.353000Z,SE0000310336,2021-03-23 09:13:07,2021-03-23T08:13:07.353000Z,SEK,XSTO,XSTO,MonetaryAmount,N,12-------PH---,000096066,664.2,6,,,
404,12262,2021-03-23 09:13:07,2021-03-23T08:13:07.373000Z,SE0000310336,2021-03-23 09:13:07,2021-03-23T08:13:07.373000Z,SEK,XSTO,XSTO,MonetaryAmount,N,12-------PH---,000096067,664.2,54,,,
405,12261,2021-03-23 09:13:07,2021-03-23T08:13:07.373000Z,SE0000310336,2021-03-23 09:13:07,2021-03-23T08:13:07.373000Z,SEK,XSTO,XSTO,MonetaryAmount,N,12-------PH---,000096068,664.2,25,,,
406,12260,2021-03-23 09:13:07,2021-03-23T08:13:07.373000Z,SE0000310336,2021-03-23 09:13:07,2021-03-23T08:13:07.373000Z,SEK,XSTO,XSTO,MonetaryAmount,N,12-------PH---,000096069,664.2,28,,,
407,12259,2021-03-23 09:13:08,2021-03-23T08:13:08.987000Z,SE0000310336,2021-03-23 09:13:08,2021-03-23T08:13:08.987000Z,SEK,XSTO,XSTO,MonetaryAmount,N,12-------PH---,000096160,664.0,90,,,
408,12258,2021-03-23 09:13:12,2021-03-23T08:13:12.027000Z,SE0000310336,2021-03-23 09:13:12,2021-03-23T08:13:12.027000Z,SEK,XSTO,XSTO,MonetaryAmount,N,12-------PH---,000096327,664.0,6,,,
409,12257,2021-03-23 09:13:22,2021-03-23T08:13:22.763000Z,SE0000310336,2021-03-23 09:13:22,2021-03-23T08:13:22.763000Z,SEK,XSTO,XSTO,MonetaryAmount,N,12-------PH---,000096884,664.4,68,,,
410,12256,2021-03-23 09:13:22,2021-03-23T08:13:22.763000Z,SE0000310336,2021-03-23 09:13:22,2021-03-23T08:13:22.763000Z,SEK,XSTO,XSTO,MonetaryAmount,N,12-------PH---,000096885,664.4,33,,,
411,12255,2021-03-23 09:13:25,2021-03-23T08:13:25.823000Z,SE0000310336,2021-03-23 09:13:25,2021-03-23T08:13:25.823000Z,SEK,XSTO,XSTO,MonetaryAmount,N,12-------PH---,000097002,664.2,4,,,
412,12254,2021-03-23 09:13:49,2021-03-23T08:13:49.130000Z,SE0000310336,2021-03-23 09:13:49,2021-03-23T08:13:49.130000Z,SEK,XSTO,XSTO,MonetaryAmount,N,12-------PH---,000098769,664.6,4,,,
413,12253,2021-03-23 09:13:50,2021-03-23T08:13:50.707000Z,SE0000310336,2021-03-23 09:13:50,2021-03-23T08:13:50.707000Z,SEK,XSTO,XSTO,MonetaryAmount,N,12-------PH---,000098932,664.8,24,,,
414,12252,2021-03-23 09:13:50,2021-03-23T08:13:50.707000Z,SE0000310336,2021-03-23 09:13:50,2021-03-23T08:13:50.707000Z,SEK,XSTO,XSTO,MonetaryAmount,N,12-------PH---,000098933,664.6,6,,,
415,12251,2021-03-23 09:13:51,2021-03-23T08:13:51.470000Z,SE0000310336,2021-03-23 09:13:51,2021-03-23T08:13:51.470000Z,SEK,XSTO,XSTO,MonetaryAmount,N,12-------PH---,000098962,664.6,2,,,
416,12250,2021-03-23 09:14:01,2021-03-23T08:14:01.750000Z,SE0000310336,2021-03-23 09:14:01,2021-03-23T08:14:01.750000Z,SEK,XSTO,XSTO,MonetaryAmount,N,12-------PH---,000099483,664.6,90,,,
417,12249,2021-03-23 09:14:05,2021-03-23T08:14:05.437000Z,SE0000310336,2021-03-23 09:14:05,2021-03-23T08:14:05.437000Z,SEK,XSTO,XSTO,MonetaryAmount,N,12-------PH---,000099740,664.4,6,,,
418,12248,2021-03-23 09:14:07,2021-03-23T08:14:07.957000Z,SE0000310336,2021-03-23 09:14:07,2021-03-23T08:14:07.957000Z,SEK,XSTO,XSTO,MonetaryAmount,N,12-------PH---,000099961,664.6,88,,,
419,12247,2021-03-23 09:14:13,2021-03-23T08:14:13.640000Z,SE0000310336,2021-03-23 09:14:13,2021-03-23T08:14:13.640000Z,SEK,XSTO,XSTO,MonetaryAmount,N,12-------PH---,000100410,664.8,250,,,
420,12246,2021-03-23 09:14:13,2021-03-23T08:14:13.640000Z,SE0000310336,2021-03-23 09:14:13,2021-03-23T08:14:13.640000Z,SEK,XSTO,XSTO,MonetaryAmount,N,12-------PH---,000100411,664.8,726,,,
421,12245,2021-03-23 09:14:13,2021-03-23T08:14:13.640000Z,SE0000310336,2021-03-23 09:14:13,2021-03-23T08:14:13.640000Z,SEK,XSTO,XSTO,MonetaryAmount,N,12-------PH---,000100412,664.8,24,,,
422,12244,2021-03-23 09:14:13,2021-03-23T08:14:13.640000Z,SE0000310336,2021-03-23 09:14:13,2021-03-23T08:14:13.640000Z,SEK,XSTO,XSTO,MonetaryAmount,N,12-------PH---,000100413,664.8,200,,,
423,12243,2021-03-23 09:14:13,2021-03-23T08:14:13.640000Z,SE0000310336,2021-03-23 09:14:13,2021-03-23T08:14:13.640000Z,SEK,XSTO,XSTO,MonetaryAmount,N,12-------PH---,000100414,664.8,34,,,
424,12242,2021-03-23 09:14:14,2021-03-23T08:14:14.877000Z,SE0000310336,2021-03-23 09:14:14,2021-03-23T08:14:14.877000Z,SEK,XSTO,XSTO,MonetaryAmount,N,12-------PH---,000100469,665.0,104,,,
425,12241,2021-03-23 09:14:14,2021-03-23T08:14:14.877000Z,SE0000310336,2021-03-23 09:14:14,2021-03-23T08:14:14.877000Z,SEK,XSTO,XSTO,MonetaryAmount,N,12-------PH---,000100470,665.0,40,,,
426,12240,2021-03-23 09:14:14,2021-03-23T08:14:14.877000Z,SE0000310336,2021-03-23 09:14:14,2021-03-23T08:14:14.877000Z,SEK,XSTO,XSTO,MonetaryAmount,N,12-------PH---,000100471,665.0,90,,,
427,12239,2021-03-23 09:14:14,2021-03-23T08:14:14.877000Z,SE0000310336,2021-03-23 09:14:14,2021-03-23T08:14:14.877000Z,SEK,XSTO,XSTO,MonetaryAmount,N,12-------PH---,000100472,665.0,75,,,
428,12238,2021-03-23 09:14:14,2021-03-23T08:14:14.877000Z,SE0000310336,2021-03-23 09:14:14,2021-03-23T08:14:14.877000Z,SEK,XSTO,XSTO,MonetaryAmount,N,12-------PH---,000100473,665.0,490,,,
429,12237,2021-03-23 09:14:19,2021-03-23T08:14:19.057000Z,SE0000310336,2021-03-23 09:14:19,2021-03-23T08:14:19.057000Z,SEK,XSTO,XSTO,MonetaryAmount,N,12-------PH---,000100651,664.8,90,,,
430,12236,2021-03-23 09:14:19,2021-03-23T08:14:19.057000Z,SE0000310336,2021-03-23 09:14:19,2021-03-23T08:14:19.057000Z,SEK,XSTO,XSTO,MonetaryAmount,N,12-------P----,000100652,664.8,36,,,
431,12235,2021-03-23 09:14:19,2021-03-23T08:14:19.097000Z,SE0000310336,2021-03-23 09:14:19,2021-03-23T08:14:19.097000Z,SEK,XSTO,XSTO,MonetaryAmount,N,12-------P----,000100653,664.8,37,,,
432,12234,2021-03-23 09:14:29,2021-03-23T08:14:29.870000Z,SE0000310336,2021-03-23 09:14:29,2021-03-23T08:14:29.870000Z,SEK,XSTO,XSTO,MonetaryAmount,N,12-------PH---,000101269,664.8,199,,,
433,12233,2021-03-23 09:14:29,2021-03-23T08:14:29.870000Z,SE0000310336,2021-03-23 09:14:29,2021-03-23T08:14:29.870000Z,SEK,XSTO,XSTO,MonetaryAmount,N,12-------PH---,000101270,664.8,638,,,
434,12232,2021-03-23 09:14:29,2021-03-23T08:14:29.870000Z,SE0000310336,2021-03-23 09:14:29,2021-03-23T08:14:29.870000Z,SEK,XSTO,XSTO,MonetaryAmount,N,12-------PH---,000101271,664.8,4,,,
435,12231,2021-03-23 09:14:30,2021-03-23T08:14:30.023000Z,SE0000310336,2021-03-23 09:14:30,2021-03-23T08:14:30.023000Z,SEK,XSTO,XSTO,MonetaryAmount,N,12-------PH---,000101283,665.0,81,,,
436,12230,2021-03-23 09:14:35,2021-03-23T08:14:35.307000Z,SE0000310336,2021-03-23 09:14:35,2021-03-23T08:14:35.307000Z,SEK,XSTO,XSTO,MonetaryAmount,N,12-------P----,000101545,664.8,21,,,
437,12229,2021-03-23 09:14:35,2021-03-23T08:14:35.307000Z,SE0000310336,2021-03-23 09:14:35,2021-03-23T08:14:35.307000Z,SEK,XSTO,XSTO,MonetaryAmount,N,12-------PH---,000101546,664.8,100,,,
438,12228,2021-03-23 09:14:35,2021-03-23T08:14:35.307000Z,SE0000310336,2021-03-23 09:14:35,2021-03-23T08:14:35.307000Z,SEK,XSTO,XSTO,MonetaryAmount,N,12-------P----,000101547,664.8,37,,,
439,12227,2021-03-23 09:14:38,2021-03-23T08:14:38.933000Z,SE0000310336,2021-03-23 09:14:38,2021-03-23T08:14:38.933000Z,SEK,XSTO,XSTO,MonetaryAmount,N,12-------PH---,000101722,664.8,683,,,
440,12226,2021-03-23 09:14:38,2021-03-23T08:14:38.933000Z,SE0000310336,2021-03-23 09:14:38,2021-03-23T08:14:38.933000Z,SEK,XSTO,XSTO,MonetaryAmount,N,12-------PH---,000101723,664.8,4,,,
441,12225,2021-03-23 09:14:44,2021-03-23T08:14:44.347000Z,SE0000310336,2021-03-23 09:14:44,2021-03-23T08:14:44.347000Z,SEK,XSTO,XSTO,MonetaryAmount,N,12-------P----,000102041,664.8,40,,,
442,12224,2021-03-23 09:15:09,2021-03-23T08:15:09.693000Z,SE0000310336,2021-03-23 09:15:09,2021-03-23T08:15:09.693000Z,SEK,XSTO,XSTO,MonetaryAmount,N,12-------PH---,000103319,664.6,66,,,
443,12223,2021-03-23 09:15:09,2021-03-23T08:15:09.693000Z,SE0000310336,2021-03-23 09:15:09,2021-03-23T08:15:09.693000Z,SEK,XSTO,XSTO,MonetaryAmount,N,12-------PH---,000103320,664.6,22,,,
444,12222,2021-03-23 09:15:09,2021-03-23T08:15:09.693000Z,SE0000310336,2021-03-23 09:15:09,2021-03-23T08:15:09.693000Z,SEK,XSTO,XSTO,MonetaryAmount,N,12-------PH---,000103321,664.6,43,,,
445,12221,2021-03-23 09:15:09,2021-03-23T08:15:09.693000Z,SE0000310336,2021-03-23 09:15:09,2021-03-23T08:15:09.693000Z,SEK,XSTO,XSTO,MonetaryAmount,N,12-------PH---,000103322,664.6,27,,,
446,12220,2021-03-23 09:15:09,2021-03-23T08:15:09.693000Z,SE0000310336,2021-03-23 09:15:09,2021-03-23T08:15:09.693000Z,SEK,XSTO,XSTO,MonetaryAmount,N,12-------PH---,000103323,664.6,7,,,
447,12219,2021-03-23 09:15:09,2021-03-23T08:15:09.693000Z,SE0000310336,2021-03-23 09:15:09,2021-03-23T08:15:09.693000Z,SEK,XSTO,XSTO,MonetaryAmount,N,12-------PH---,000103324,664.6,1,,,
448,12218,2021-03-23 09:15:09,2021-03-23T08:15:09.693000Z,SE0000310336,2021-03-23 09:15:09,2021-03-23T08:15:09.693000Z,SEK,XSTO,XSTO,MonetaryAmount,N,12-------PH---,000103325,664.6,88,,,
449,12217,2021-03-23 09:15:14,2021-03-23T08:15:14.703000Z,SE0000310336,2021-03-23 09:15:14,2021-03-23T08:15:14.703000Z,SEK,XSTO,XSTO,MonetaryAmount,N,12-------PH---,000103610,664.4,25,,,
450,12216,2021-03-23 09:15:23,2021-03-23T08:15:23.237000Z,SE0000310336,2021-03-23 09:15:23,2021-03-23T08:15:23.237000Z,SEK,XSTO,XSTO,MonetaryAmount,N,12-------PH---,000104122,664.6,37,,,
451,12215,2021-03-23 09:15:23,2021-03-23T08:15:23.237000Z,SE0000310336,2021-03-23 09:15:23,2021-03-23T08:15:23.237000Z,SEK,XSTO,XSTO,MonetaryAmount,N,12-------PH---,000104123,664.6,77,,,
452,12214,2021-03-23 09:15:23,2021-03-23T08:15:23.237000Z,SE0000310336,2021-03-23 09:15:23,2021-03-23T08:15:23.237000Z,SEK,XSTO,XSTO,MonetaryAmount,N,12-------PH---,000104124,664.6,116,,,
453,12213,2021-03-23 09:15:29,2021-03-23T08:15:29.523000Z,SE0000310336,2021-03-23 09:15:29,2021-03-23T08:15:29.523000Z,SEK,XSTO,XSTO,MonetaryAmount,N,12-------PH---,000104380,664.4,7,,,
454,12212,2021-03-23 09:15:32,2021-03-23T08:15:32.150000Z,SE0000310336,2021-03-23 09:15:32,2021-03-23T08:15:32.150000Z,SEK,XSTO,XSTO,MonetaryAmount,N,12-------PH---,000104547,664.6,4,,,
455,12211,2021-03-23 09:15:33,2021-03-23T08:15:33.057000Z,SE0000310336,2021-03-23 09:15:33,2021-03-23T08:15:33.057000Z,SEK,MSTO,XSTO,MonetaryAmount,N,5U-------PH---,000104647,664.6,158,,,Auction On Demand
456,12210,2021-03-23 09:15:33,2021-03-23T08:15:33.620000Z,SE0000310336,2021-03-23 09:15:33,2021-03-23T08:15:33.620000Z,SEK,XSTO,XSTO,MonetaryAmount,N,12-------PH---,000104686,664.4,83,,,
457,12209,2021-03-23 09:15:40,2021-03-23T08:15:40.807000Z,SE0000310336,2021-03-23 09:15:40,2021-03-23T08:15:40.807000Z,SEK,XSTO,XSTO,MonetaryAmount,N,12-------PH---,000105065,664.6,80,,,
458,12208,2021-03-23 09:15:52,2021-03-23T08:15:52.450000Z,SE0000310336,2021-03-23 09:15:52,2021-03-23T08:15:52.450000Z,SEK,XSTO,XSTO,MonetaryAmount,N,12-------PH---,000106390,664.8,10,,,
459,12207,2021-03-23 09:15:52,2021-03-23T08:15:52.450000Z,SE0000310336,2021-03-23 09:15:52,2021-03-23T08:15:52.450000Z,SEK,XSTO,XSTO,MonetaryAmount,N,12-------PH---,000106391,664.8,779,,,
460,12206,2021-03-23 09:15:52,2021-03-23T08:15:52.450000Z,SE0000310336,2021-03-23 09:15:52,2021-03-23T08:15:52.450000Z,SEK,XSTO,XSTO,MonetaryAmount,N,12-------PH---,000106392,664.8,33,,,
461,12205,2021-03-23 09:15:52,2021-03-23T08:15:52.450000Z,SE0000310336,2021-03-23 09:15:52,2021-03-23T08:15:52.450000Z,SEK,XSTO,XSTO,MonetaryAmount,N,12-------PH---,000106393,664.8,83,,,
462,12204,2021-03-23 09:15:52,2021-03-23T08:15:52.450000Z,SE0000310336,2021-03-23 09:15:52,2021-03-23T08:15:52.450000Z,SEK,XSTO,XSTO,MonetaryAmount,N,12-------PH---,000106394,664.8,132,,,
463,12203,2021-03-23 09:15:52,2021-03-23T08:15:52.450000Z,SE0000310336,2021-03-23 09:15:52,2021-03-23T08:15:52.450000Z,SEK,XSTO,XSTO,MonetaryAmount,N,12-------PH---,000106395,664.8,318,,,
464,12202,2021-03-23 09:15:54,2021-03-23T08:15:54.727000Z,SE0000310336,2021-03-23 09:15:54,2021-03-23T08:15:54.727000Z,SEK,XSTO,XSTO,MonetaryAmount,N,12-------PH---,000106540,665.0,179,,,
465,12201,2021-03-23 09:15:54,2021-03-23T08:15:54.727000Z,SE0000310336,2021-03-23 09:15:54,2021-03-23T08:15:54.727000Z,SEK,XSTO,XSTO,MonetaryAmount,N,12-------PH---,000106541,665.0,234,,,
466,12200,2021-03-23 09:15:54,2021-03-23T08:15:54.727000Z,SE0000310336,2021-03-23 09:15:54,2021-03-23T08:15:54.727000Z,SEK,XSTO,XSTO,MonetaryAmount,N,12-------PH---,000106542,665.0,15,,,
467,12199,2021-03-23 09:15:54,2021-03-23T08:15:54.727000Z,SE0000310336,2021-03-23 09:15:54,2021-03-23T08:15:54.727000Z,SEK,XSTO,XSTO,MonetaryAmount,N,12-------PH---,000106543,665.0,38,,,
468,12198,2021-03-23 09:15:58,2021-03-23T08:15:58.617000Z,SE0000310336,2021-03-23 09:15:58,2021-03-23T08:15:58.617000Z,SEK,XSTO,XSTO,MonetaryAmount,N,12-------P----,000106824,664.8,72,,,
469,12197,2021-03-23 09:15:58,2021-03-23T08:15:58.617000Z,SE0000310336,2021-03-23 09:15:58,2021-03-23T08:15:58.617000Z,SEK,XSTO,XSTO,MonetaryAmount,N,12-------P----,000106825,664.8,93,,,
470,12196,2021-03-23 09:15:58,2021-03-23T08:15:58.617000Z,SE0000310336,2021-03-23 09:15:58,2021-03-23T08:15:58.617000Z,SEK,XSTO,XSTO,MonetaryAmount,N,12-------P----,000106826,664.8,40,,,
471,12195,2021-03-23 09:16:07,2021-03-23T08:16:07.287000Z,SE0000310336,2021-03-23 09:16:07,2021-03-23T08:16:07.287000Z,SEK,XSTO,XSTO,MonetaryAmount,N,12-------PH---,000107566,664.8,1,,,
472,12194,2021-03-23 09:16:07,2021-03-23T08:16:07.287000Z,SE0000310336,2021-03-23 09:16:07,2021-03-23T08:16:07.287000Z,SEK,XSTO,XSTO,MonetaryAmount,N,12-------PH---,000107567,664.6,6,,,
473,12193,2021-03-23 09:16:11,2021-03-23T08:16:11.357000Z,SE0000310336,2021-03-23 09:16:11,2021-03-23T08:16:11.357000Z,SEK,XSTO,XSTO,MonetaryAmount,N,12-------PH---,000107814,664.6,7,,,
474,12192,2021-03-23 09:16:13,2021-03-23T08:16:13.380000Z,SE0000310336,2021-03-23 09:16:13,2021-03-23T08:16:13.380000Z,SEK,XSTO,XSTO,MonetaryAmount,N,12-------PH---,000107996,664.4,21,,,
475,12191,2021-03-23 09:16:14,2021-03-23T08:16:14.223000Z,SE0000310336,2021-03-23 09:16:14,2021-03-23T08:16:14.223000Z,SEK,XSTO,XSTO,MonetaryAmount,N,12-------PH---,000108034,664.4,1,,,
476,12190,2021-03-23 09:16:15,2021-03-23T08:16:15.060000Z,SE0000310336,2021-03-23 09:16:15,2021-03-23T08:16:15.060000Z,SEK,XSTO,XSTO,MonetaryAmount,N,12-------PH---,000108082,664.4,32,,,
477,12189,2021-03-23 09:16:15,2021-03-23T08:16:15.583000Z,SE0000310336,2021-03-23 09:16:15,2021-03-23T08:16:15.583000Z,SEK,XSTO,XSTO,MonetaryAmount,N,45-3-----PH---,F050120279,664.4,2,,,Standard Routed Trade
478,12188,2021-03-23 09:16:18,2021-03-23T08:16:18.673000Z,SE0000310336,2021-03-23 09:16:18,2021-03-23T08:16:18.673000Z,SEK,XSTO,XSTO,MonetaryAmount,N,12-------PH---,000108276,664.2,4,,,
479,12187,2021-03-23 09:16:18,2021-03-23T08:16:18.790000Z,SE0000310336,2021-03-23 09:16:18,2021-03-23T08:16:18.790000Z,SEK,XSTO,XSTO,MonetaryAmount,N,12-------PH---,000108278,664.4,57,,,
480,12186,2021-03-23 09:16:25,2021-03-23T08:16:25.657000Z,SE0000310336,2021-03-23 09:16:25,2021-03-23T08:16:25.657000Z,SEK,XSTO,XSTO,MonetaryAmount,N,12-------PH---,000108790,664.4,90,,,
481,12185,2021-03-23 09:16:31,2021-03-23T08:16:31.750000Z,SE0000310336,2021-03-23 09:16:31,2021-03-23T08:16:31.747000Z,SEK,XSTO,XSTO,MonetaryAmount,N,45-3-----PH---,F050121219,664.4,18,,,Standard Routed Trade
482,12184,2021-03-23 09:16:31,2021-03-23T08:16:31.807000Z,SE0000310336,2021-03-23 09:16:31,2021-03-23T08:16:31.810000Z,SEK,XSTO,XSTO,MonetaryAmount,N,12-------P----,000109212,664.2,35,,,
483,12183,2021-03-23 09:16:31,2021-03-23T08:16:31.807000Z,SE0000310336,2021-03-23 09:16:31,2021-03-23T08:16:31.810000Z,SEK,XSTO,XSTO,MonetaryAmount,N,12-------PH---,000109213,664.2,13,,,
484,12182,2021-03-23 09:16:31,2021-03-23T08:16:31.807000Z,SE0000310336,2021-03-23 09:16:31,2021-03-23T08:16:31.810000Z,SEK,XSTO,XSTO,MonetaryAmount,N,12-------PH---,000109214,664.2,23,,,
485,12181,2021-03-23 09:16:31,2021-03-23T08:16:31.807000Z,SE0000310336,2021-03-23 09:16:31,2021-03-23T08:16:31.810000Z,SEK,XSTO,XSTO,MonetaryAmount,N,12-------P----,000109215,664.2,45,,,
486,12180,2021-03-23 09:16:31,2021-03-23T08:16:31.807000Z,SE0000310336,2021-03-23 09:16:31,2021-03-23T08:16:31.810000Z,SEK,XSTO,XSTO,MonetaryAmount,N,12-------PH---,000109216,664.0,90,,,
487,12179,2021-03-23 09:16:31,2021-03-23T08:16:31.807000Z,SE0000310336,2021-03-23 09:16:31,2021-03-23T08:16:31.810000Z,SEK,XSTO,XSTO,MonetaryAmount,N,12-------PH---,000109217,664.0,87,,,
488,12178,2021-03-23 09:16:31,2021-03-23T08:16:31.807000Z,SE0000310336,2021-03-23 09:16:31,2021-03-23T08:16:31.810000Z,SEK,XSTO,XSTO,MonetaryAmount,N,12-------P----,000109218,664.0,111,,,
489,12177,2021-03-23 09:16:31,2021-03-23T08:16:31.807000Z,SE0000310336,2021-03-23 09:16:31,2021-03-23T08:16:31.810000Z,SEK,XSTO,XSTO,MonetaryAmount,N,12-------PH---,000109219,664.0,100,,,
490,12176,2021-03-23 09:16:31,2021-03-23T08:16:31.807000Z,SE0000310336,2021-03-23 09:16:31,2021-03-23T08:16:31.810000Z,SEK,XSTO,XSTO,MonetaryAmount,N,12-------PH---,000109220,664.0,18,,,
491,12175,2021-03-23 09:16:31,2021-03-23T08:16:31.807000Z,SE0000310336,2021-03-23 09:16:31,2021-03-23T08:16:31.810000Z,SEK,XSTO,XSTO,MonetaryAmount,N,12-------PH---,000109221,664.0,18,,,
492,12174,2021-03-23 09:16:31,2021-03-23T08:16:31.807000Z,SE0000310336,2021-03-23 09:16:31,2021-03-23T08:16:31.810000Z,SEK,XSTO,XSTO,MonetaryAmount,N,12-------PH---,000109222,663.8,87,,,
493,12173,2021-03-23 09:16:31,2021-03-23T08:16:31.807000Z,SE0000310336,2021-03-23 09:16:31,2021-03-23T08:16:31.810000Z,SEK,XSTO,XSTO,MonetaryAmount,N,12-------PH---,000109223,663.8,22,,,
494,12172,2021-03-23 09:16:40,2021-03-23T08:16:40.060000Z,SE0000310336,2021-03-23 09:16:40,2021-03-23T08:16:40.060000Z,SEK,XSTO,XSTO,MonetaryAmount,N,45-3-----PH---,F050121701,664.0,15,,,Standard Routed Trade
495,12171,2021-03-23 09:16:40,2021-03-23T08:16:40.767000Z,SE0000310336,2021-03-23 09:16:40,2021-03-23T08:16:40.767000Z,SEK,XSTO,XSTO,MonetaryAmount,N,12-------PH---,000109858,664.4,2,,,
496,12170,2021-03-23 09:17:02,2021-03-23T08:17:02.987000Z,SE0000310336,2021-03-23 09:17:02,2021-03-23T08:17:02.987000Z,SEK,XSTO,XSTO,MonetaryAmount,N,12-------PH---,000111079,664.4,88,,,
497,12169,2021-03-23 09:17:02,2021-03-23T08:17:02.987000Z,SE0000310336,2021-03-23 09:17:02,2021-03-23T08:17:02.987000Z,SEK,XSTO,XSTO,MonetaryAmount,N,12-------PH---,000111080,664.4,123,,,
498,12168,2021-03-23 09:17:02,2021-03-23T08:17:02.987000Z,SE0000310336,2021-03-23 09:17:02,2021-03-23T08:17:02.987000Z,SEK,XSTO,XSTO,MonetaryAmount,N,12-------PH---,000111081,664.4,216,,,
499,12167,2021-03-23 09:17:06,2021-03-23T08:17:06.140000Z,SE0000310336,2021-03-23 09:17:06,2021-03-23T08:17:06.140000Z,SEK,XSTO,XSTO,MonetaryAmount,N,45-3-----PH---,F050123264,664.4,33,,,Standard Routed Trade
500,12166,2021-03-23 09:17:09,2021-03-23T08:17:09.007000Z,SE0000310336,2021-03-23 09:17:09,2021-03-23T08:17:09.007000Z,SEK,XSTO,XSTO,MonetaryAmount,N,12-------PH---,000111614,664.6,1,,,
501,12165,2021-03-23 09:17:09,2021-03-23T08:17:09.007000Z,SE0000310336,2021-03-23 09:17:09,2021-03-23T08:17:09.007000Z,SEK,XSTO,XSTO,MonetaryAmount,N,12-------PH---,000111615,664.6,5,,,
502,12164,2021-03-23 09:17:09,2021-03-23T08:17:09.007000Z,SE0000310336,2021-03-23 09:17:09,2021-03-23T08:17:09.007000Z,SEK,XSTO,XSTO,MonetaryAmount,N,12-------PH---,000111616,664.6,2,,,
503,12163,2021-03-23 09:17:10,2021-03-23T08:17:10.397000Z,SE0000310336,2021-03-23 09:17:10,2021-03-23T08:17:10.397000Z,SEK,XSTO,XSTO,MonetaryAmount,N,12-------PH---,000111726,664.6,136,,,
504,12162,2021-03-23 09:17:10,2021-03-23T08:17:10.397000Z,SE0000310336,2021-03-23 09:17:10,2021-03-23T08:17:10.397000Z,SEK,XSTO,XSTO,MonetaryAmount,N,12-------PH---,000111727,664.6,25,,,
505,12161,2021-03-23 09:17:10,2021-03-23T08:17:10.397000Z,SE0000310336,2021-03-23 09:17:10,2021-03-23T08:17:10.397000Z,SEK,XSTO,XSTO,MonetaryAmount,N,12-------PH---,000111728,664.6,166,,,
506,12160,2021-03-23 09:17:20,2021-03-23T08:17:20.527000Z,SE0000310336,2021-03-23 09:17:20,2021-03-23T08:17:20.527000Z,SEK,XSTO,XSTO,MonetaryAmount,N,12-------PH---,000112362,664.8,671,,,
507,12159,2021-03-23 09:17:20,2021-03-23T08:17:20.527000Z,SE0000310336,2021-03-23 09:17:20,2021-03-23T08:17:20.527000Z,SEK,XSTO,XSTO,MonetaryAmount,N,12-------PH---,000112363,664.8,5,,,
508,12158,2021-03-23 09:17:25,2021-03-23T08:17:25.923000Z,SE0000310336,2021-03-23 09:17:25,2021-03-23T08:17:25.923000Z,SEK,XSTO,XSTO,MonetaryAmount,N,12-------P----,000112623,664.8,100,,,
509,12157,2021-03-23 09:17:25,2021-03-23T08:17:25.947000Z,SE0000310336,2021-03-23 09:17:25,2021-03-23T08:17:25.947000Z,SEK,XSTO,XSTO,MonetaryAmount,N,12-------PH---,000112625,664.6,80,,,
510,12156,2021-03-23 09:17:25,2021-03-23T08:17:25.947000Z,SE0000310336,2021-03-23 09:17:25,2021-03-23T08:17:25.947000Z,SEK,XSTO,XSTO,MonetaryAmount,N,12-------PH---,000112626,664.6,80,,,
511,12155,2021-03-23 09:17:25,2021-03-23T08:17:25.947000Z,SE0000310336,2021-03-23 09:17:25,2021-03-23T08:17:25.947000Z,SEK,XSTO,XSTO,MonetaryAmount,N,12-------PH---,000112627,664.6,38,,,
512,12154,2021-03-23 09:17:25,2021-03-23T08:17:25.947000Z,SE0000310336,2021-03-23 09:17:25,2021-03-23T08:17:25.947000Z,SEK,XSTO,XSTO,MonetaryAmount,N,12-------PH---,000112628,664.6,57,,,
513,12153,2021-03-23 09:17:44,2021-03-23T08:17:44.187000Z,SE0000310336,2021-03-23 09:17:44,2021-03-23T08:17:44.187000Z,SEK,XSTO,XSTO,MonetaryAmount,N,12-------PH---,000113436,664.8,1,,,
514,12152,2021-03-23 09:17:51,2021-03-23T08:17:51.310000Z,SE0000310336,2021-03-23 09:17:51,2021-03-23T08:17:51.310000Z,SEK,XSTO,XSTO,MonetaryAmount,N,12-------PH---,000113953,664.6,2,,,
515,12151,2021-03-23 09:18:03,2021-03-23T08:18:03.133000Z,SE0000310336,2021-03-23 09:18:03,2021-03-23T08:18:03.133000Z,SEK,XSTO,XSTO,MonetaryAmount,N,12-------PH---,000114729,664.6,128,,,
516,12150,2021-03-23 09:18:17,2021-03-23T08:18:17.913000Z,SE0000310336,2021-03-23 09:18:17,2021-03-23T08:18:17.913000Z,SEK,XSTO,XSTO,MonetaryAmount,N,12-------PH---,000115610,664.4,8,,,
517,12149,2021-03-23 09:18:17,2021-03-23T08:18:17.913000Z,SE0000310336,2021-03-23 09:18:17,2021-03-23T08:18:17.913000Z,SEK,XSTO,XSTO,MonetaryAmount,N,12-------PH---,000115611,664.4,36,,,
518,12148,2021-03-23 09:18:17,2021-03-23T08:18:17.913000Z,SE0000310336,2021-03-23 09:18:17,2021-03-23T08:18:17.913000Z,SEK,XSTO,XSTO,MonetaryAmount,N,12-------PH---,000115612,664.4,49,,,
519,12147,2021-03-23 09:18:17,2021-03-23T08:18:17.913000Z,SE0000310336,2021-03-23 09:18:17,2021-03-23T08:18:17.913000Z,SEK,XSTO,XSTO,MonetaryAmount,N,12-------PH---,000115613,664.4,44,,,
520,12146,2021-03-23 09:18:18,2021-03-23T08:18:18.883000Z,SE0000310336,2021-03-23 09:18:18,2021-03-23T08:18:18.883000Z,SEK,XSTO,XSTO,MonetaryAmount,N,12-------PH---,000115681,664.2,53,,,
521,12145,2021-03-23 09:18:20,2021-03-23T08:18:20.487000Z,SE0000310336,2021-03-23 09:18:20,2021-03-23T08:18:20.487000Z,SEK,XSTO,XSTO,MonetaryAmount,N,12-------PH---,000115761,664.2,19,,,
522,12144,2021-03-23 09:18:20,2021-03-23T08:18:20.587000Z,SE0000310336,2021-03-23 09:18:20,2021-03-23T08:18:20.587000Z,SEK,XSTO,XSTO,MonetaryAmount,N,12-------PH---,000115770,664.2,61,,,
523,12143,2021-03-23 09:18:20,2021-03-23T08:18:20.587000Z,SE0000310336,2021-03-23 09:18:20,2021-03-23T08:18:20.587000Z,SEK,XSTO,XSTO,MonetaryAmount,N,12-------PH---,000115771,664.2,19,,,
524,12142,2021-03-23 09:18:25,2021-03-23T08:18:25.630000Z,SE0000310336,2021-03-23 09:18:25,2021-03-23T08:18:25.630000Z,SEK,XSTO,XSTO,MonetaryAmount,N,12-------PH---,000116148,664.2,8,,,
525,12141,2021-03-23 09:18:25,2021-03-23T08:18:25.630000Z,SE0000310336,2021-03-23 09:18:25,2021-03-23T08:18:25.630000Z,SEK,XSTO,XSTO,MonetaryAmount,N,12-------PH---,000116149,664.2,25,,,
526,12140,2021-03-23 09:18:59,2021-03-23T08:18:59.323000Z,SE0000310336,2021-03-23 09:18:59,2021-03-23T08:18:59.323000Z,SEK,XSTO,XSTO,MonetaryAmount,N,12-------PH---,000118039,664.4,1,,,
527,12139,2021-03-23 09:18:59,2021-03-23T08:18:59.323000Z,SE0000310336,2021-03-23 09:18:59,2021-03-23T08:18:59.323000Z,SEK,XSTO,XSTO,MonetaryAmount,N,12-------PH---,000118040,664.4,1,,,
528,12138,2021-03-23 09:18:59,2021-03-23T08:18:59.323000Z,SE0000310336,2021-03-23 09:18:59,2021-03-23T08:18:59.323000Z,SEK,XSTO,XSTO,MonetaryAmount,N,12-------PH---,000118041,664.4,185,,,
