,index,ExecutionTime,ExecutionTimeUTC,ISIN,PublicationTime,PublicationTimeUTC,CCY,Venueofexecution(MICCode),Venueofpublication(MICCode),Pricenotation,Transactiontobecleared,MMTFlags,TransactionIDCode,Price,Volume,Buyer,Seller,Tradetype
0,14209,2021-03-25 09:00:04,2021-03-25T08:00:04.290000Z,SE0000310336,2021-03-25 09:00:04,2021-03-25T08:00:04.290000Z,SEK,XSTO,XSTO,MonetaryAmount,N,1O-------PH---,000025985,664.8,5,,,
1,14208,2021-03-25 09:00:04,2021-03-25T08:00:04.290000Z,SE0000310336,2021-03-25 09:00:04,2021-03-25T08:00:04.290000Z,SEK,XSTO,XSTO,MonetaryAmount,N,1O-------PH---,000025986,664.8,2,,,
2,14207,2021-03-25 09:00:04,2021-03-25T08:00:04.290000Z,SE0000310336,2021-03-25 09:00:04,2021-03-25T08:00:04.290000Z,SEK,XSTO,XSTO,MonetaryAmount,N,1O-------P----,000025987,664.8,105,,,
3,14206,2021-03-25 09:00:04,2021-03-25T08:00:04.290000Z,SE0000310336,2021-03-25 09:00:04,2021-03-25T08:00:04.290000Z,SEK,XSTO,XSTO,MonetaryAmount,N,1O-------P----,000025988,664.8,3,,,
4,14205,2021-03-25 09:00:04,2021-03-25T08:00:04.290000Z,SE0000310336,2021-03-25 09:00:04,2021-03-25T08:00:04.293000Z,SEK,XSTO,XSTO,MonetaryAmount,N,1O-------PH---,000025989,664.8,161,,,
5,14204,2021-03-25 09:00:04,2021-03-25T08:00:04.290000Z,SE0000310336,2021-03-25 09:00:04,2021-03-25T08:00:04.293000Z,SEK,XSTO,XSTO,MonetaryAmount,N,1O-------PH---,000025990,664.8,32,,,
6,14203,2021-03-25 09:00:04,2021-03-25T08:00:04.290000Z,SE0000310336,2021-03-25 09:00:04,2021-03-25T08:00:04.293000Z,SEK,XSTO,XSTO,MonetaryAmount,N,1O-------P----,000025991,664.8,220,,,
7,14202,2021-03-25 09:00:04,2021-03-25T08:00:04.290000Z,SE0000310336,2021-03-25 09:00:04,2021-03-25T08:00:04.293000Z,SEK,XSTO,XSTO,MonetaryAmount,N,1O-------PH---,000025992,664.8,22,,,
8,14201,2021-03-25 09:00:04,2021-03-25T08:00:04.290000Z,SE0000310336,2021-03-25 09:00:04,2021-03-25T08:00:04.293000Z,SEK,XSTO,XSTO,MonetaryAmount,N,1O-------PH---,000025993,664.8,2,,,
9,14200,2021-03-25 09:00:04,2021-03-25T08:00:04.290000Z,SE0000310336,2021-03-25 09:00:04,2021-03-25T08:00:04.293000Z,SEK,XSTO,XSTO,MonetaryAmount,N,1O-------PH---,000025994,664.8,62,,,
10,14199,2021-03-25 09:00:04,2021-03-25T08:00:04.290000Z,SE0000310336,2021-03-25 09:00:04,2021-03-25T08:00:04.293000Z,SEK,XSTO,XSTO,MonetaryAmount,N,1O-------PH---,000025995,664.8,37,,,
11,14198,2021-03-25 09:00:04,2021-03-25T08:00:04.290000Z,SE0000310336,2021-03-25 09:00:04,2021-03-25T08:00:04.293000Z,SEK,XSTO,XSTO,MonetaryAmount,N,1O-------PH---,000025996,664.8,225,,,
12,14197,2021-03-25 09:00:04,2021-03-25T08:00:04.290000Z,SE0000310336,2021-03-25 09:00:04,2021-03-25T08:00:04.293000Z,SEK,XSTO,XSTO,MonetaryAmount,N,1O-------P----,000025997,664.8,7,,,
13,14196,2021-03-25 09:00:04,2021-03-25T08:00:04.290000Z,SE0000310336,2021-03-25 09:00:04,2021-03-25T08:00:04.293000Z,SEK,XSTO,XSTO,MonetaryAmount,N,1O-------PH---,000025998,664.8,2,,,
14,14195,2021-03-25 09:00:04,2021-03-25T08:00:04.290000Z,SE0000310336,2021-03-25 09:00:04,2021-03-25T08:00:04.293000Z,SEK,XSTO,XSTO,MonetaryAmount,N,1O-------PH---,000025999,664.8,4,,,
15,14194,2021-03-25 09:00:04,2021-03-25T08:00:04.290000Z,SE0000310336,2021-03-25 09:00:04,2021-03-25T08:00:04.293000Z,SEK,XSTO,XSTO,MonetaryAmount,N,1O-------PH---,000026000,664.8,2,,,
16,14193,2021-03-25 09:00:04,2021-03-25T08:00:04.290000Z,SE0000310336,2021-03-25 09:00:04,2021-03-25T08:00:04.293000Z,SEK,XSTO,XSTO,MonetaryAmount,N,1O-------PH---,000026001,664.8,124,,,
17,14192,2021-03-25 09:00:04,2021-03-25T08:00:04.290000Z,SE0000310336,2021-03-25 09:00:04,2021-03-25T08:00:04.293000Z,SEK,XSTO,XSTO,MonetaryAmount,N,1O-------PH---,000026002,664.8,2,,,
18,14191,2021-03-25 09:00:04,2021-03-25T08:00:04.290000Z,SE0000310336,2021-03-25 09:00:04,2021-03-25T08:00:04.293000Z,SEK,XSTO,XSTO,MonetaryAmount,N,1O-------PH---,000026003,664.8,24,,,
19,14190,2021-03-25 09:00:04,2021-03-25T08:00:04.290000Z,SE0000310336,2021-03-25 09:00:04,2021-03-25T08:00:04.293000Z,SEK,XSTO,XSTO,MonetaryAmount,N,1O-------PH---,000026004,664.8,13,,,
20,14189,2021-03-25 09:00:04,2021-03-25T08:00:04.290000Z,SE0000310336,2021-03-25 09:00:04,2021-03-25T08:00:04.293000Z,SEK,XSTO,XSTO,MonetaryAmount,N,1O-------PH---,000026005,664.8,66,,,
21,14188,2021-03-25 09:00:04,2021-03-25T08:00:04.290000Z,SE0000310336,2021-03-25 09:00:04,2021-03-25T08:00:04.293000Z,SEK,XSTO,XSTO,MonetaryAmount,N,1O-------PH---,000026006,664.8,33,,,
22,14187,2021-03-25 09:00:04,2021-03-25T08:00:04.290000Z,SE0000310336,2021-03-25 09:00:04,2021-03-25T08:00:04.293000Z,SEK,XSTO,XSTO,MonetaryAmount,N,1O-------PH---,000026007,664.8,2,,,
23,14186,2021-03-25 09:00:04,2021-03-25T08:00:04.290000Z,SE0000310336,2021-03-25 09:00:04,2021-03-25T08:00:04.293000Z,SEK,XSTO,XSTO,MonetaryAmount,N,1O-------PH---,000026008,664.8,2,,,
24,14185,2021-03-25 09:00:04,2021-03-25T08:00:04.290000Z,SE0000310336,2021-03-25 09:00:04,2021-03-25T08:00:04.293000Z,SEK,XSTO,XSTO,MonetaryAmount,N,1O-------PH---,000026009,664.8,50,,,
25,14184,2021-03-25 09:00:04,2021-03-25T08:00:04.290000Z,SE0000310336,2021-03-25 09:00:04,2021-03-25T08:00:04.293000Z,SEK,XSTO,XSTO,MonetaryAmount,N,1O-------PH---,000026010,664.8,52,,,
26,14183,2021-03-25 09:00:04,2021-03-25T08:00:04.290000Z,SE0000310336,2021-03-25 09:00:04,2021-03-25T08:00:04.293000Z,SEK,XSTO,XSTO,MonetaryAmount,N,1O-------PH---,000026011,664.8,12,,,
27,14182,2021-03-25 09:00:04,2021-03-25T08:00:04.290000Z,SE0000310336,2021-03-25 09:00:04,2021-03-25T08:00:04.293000Z,SEK,XSTO,XSTO,MonetaryAmount,N,1O-------PH---,000026012,664.8,18,,,
28,14181,2021-03-25 09:00:04,2021-03-25T08:00:04.290000Z,SE0000310336,2021-03-25 09:00:04,2021-03-25T08:00:04.293000Z,SEK,XSTO,XSTO,MonetaryAmount,N,1O-------PH---,000026013,664.8,445,,,
29,14180,2021-03-25 09:00:04,2021-03-25T08:00:04.290000Z,SE0000310336,2021-03-25 09:00:04,2021-03-25T08:00:04.293000Z,SEK,XSTO,XSTO,MonetaryAmount,N,1O-------P----,000026014,664.8,48,,,
30,14179,2021-03-25 09:00:04,2021-03-25T08:00:04.290000Z,SE0000310336,2021-03-25 09:00:04,2021-03-25T08:00:04.293000Z,SEK,XSTO,XSTO,MonetaryAmount,N,1O-------P----,000026015,664.8,84,,,
31,14178,2021-03-25 09:00:04,2021-03-25T08:00:04.290000Z,SE0000310336,2021-03-25 09:00:04,2021-03-25T08:00:04.293000Z,SEK,XSTO,XSTO,MonetaryAmount,N,1O-------P----,000026016,664.8,65,,,
32,14177,2021-03-25 09:00:04,2021-03-25T08:00:04.290000Z,SE0000310336,2021-03-25 09:00:04,2021-03-25T08:00:04.293000Z,SEK,XSTO,XSTO,MonetaryAmount,N,1O-------P----,000026017,664.8,110,,,
33,14176,2021-03-25 09:00:04,2021-03-25T08:00:04.290000Z,SE0000310336,2021-03-25 09:00:04,2021-03-25T08:00:04.293000Z,SEK,XSTO,XSTO,MonetaryAmount,N,1O-------P----,000026018,664.8,1,,,
34,14175,2021-03-25 09:00:04,2021-03-25T08:00:04.290000Z,SE0000310336,2021-03-25 09:00:04,2021-03-25T08:00:04.293000Z,SEK,XSTO,XSTO,MonetaryAmount,N,1O-------P----,000026019,664.8,1,,,
35,14174,2021-03-25 09:00:04,2021-03-25T08:00:04.290000Z,SE0000310336,2021-03-25 09:00:04,2021-03-25T08:00:04.293000Z,SEK,XSTO,XSTO,MonetaryAmount,N,1O-------P----,000026020,664.8,3,,,
36,14173,2021-03-25 09:00:04,2021-03-25T08:00:04.290000Z,SE0000310336,2021-03-25 09:00:04,2021-03-25T08:00:04.293000Z,SEK,XSTO,XSTO,MonetaryAmount,N,1O-------P----,000026021,664.8,127,,,
37,14172,2021-03-25 09:00:04,2021-03-25T08:00:04.290000Z,SE0000310336,2021-03-25 09:00:04,2021-03-25T08:00:04.293000Z,SEK,XSTO,XSTO,MonetaryAmount,N,1O-------PH---,000026022,664.8,3,,,
38,14171,2021-03-25 09:00:04,2021-03-25T08:00:04.290000Z,SE0000310336,2021-03-25 09:00:04,2021-03-25T08:00:04.293000Z,SEK,XSTO,XSTO,MonetaryAmount,N,1O-------PH---,000026023,664.8,28,,,
39,14170,2021-03-25 09:00:04,2021-03-25T08:00:04.290000Z,SE0000310336,2021-03-25 09:00:04,2021-03-25T08:00:04.293000Z,SEK,XSTO,XSTO,MonetaryAmount,N,1O-------PH---,000026024,664.8,2,,,
40,14169,2021-03-25 09:00:04,2021-03-25T08:00:04.290000Z,SE0000310336,2021-03-25 09:00:04,2021-03-25T08:00:04.293000Z,SEK,XSTO,XSTO,MonetaryAmount,N,1O-------P----,000026025,664.8,2,,,
41,14168,2021-03-25 09:00:04,2021-03-25T08:00:04.290000Z,SE0000310336,2021-03-25 09:00:04,2021-03-25T08:00:04.293000Z,SEK,XSTO,XSTO,MonetaryAmount,N,1O-------P----,000026026,664.8,95,,,
42,14167,2021-03-25 09:00:04,2021-03-25T08:00:04.290000Z,SE0000310336,2021-03-25 09:00:04,2021-03-25T08:00:04.293000Z,SEK,XSTO,XSTO,MonetaryAmount,N,1O-------PH---,000026027,664.8,12,,,
43,14166,2021-03-25 09:00:04,2021-03-25T08:00:04.290000Z,SE0000310336,2021-03-25 09:00:04,2021-03-25T08:00:04.293000Z,SEK,XSTO,XSTO,MonetaryAmount,N,1O-------PH---,000026028,664.8,1,,,
44,14165,2021-03-25 09:00:04,2021-03-25T08:00:04.290000Z,SE0000310336,2021-03-25 09:00:04,2021-03-25T08:00:04.293000Z,SEK,XSTO,XSTO,MonetaryAmount,N,1O-------PH---,000026029,664.8,7,,,
45,14164,2021-03-25 09:00:04,2021-03-25T08:00:04.290000Z,SE0000310336,2021-03-25 09:00:04,2021-03-25T08:00:04.293000Z,SEK,XSTO,XSTO,MonetaryAmount,N,1O-------PH---,000026030,664.8,100,,,
46,14163,2021-03-25 09:00:04,2021-03-25T08:00:04.290000Z,SE0000310336,2021-03-25 09:00:04,2021-03-25T08:00:04.293000Z,SEK,XSTO,XSTO,MonetaryAmount,N,1O-------PH---,000026031,664.8,1,,,
47,14162,2021-03-25 09:00:04,2021-03-25T08:00:04.290000Z,SE0000310336,2021-03-25 09:00:04,2021-03-25T08:00:04.293000Z,SEK,XSTO,XSTO,MonetaryAmount,N,1O-------PH---,000026032,664.8,18,,,
48,14161,2021-03-25 09:00:04,2021-03-25T08:00:04.290000Z,SE0000310336,2021-03-25 09:00:04,2021-03-25T08:00:04.293000Z,SEK,XSTO,XSTO,MonetaryAmount,N,1O-------PH---,000026033,664.8,135,,,
49,14160,2021-03-25 09:00:04,2021-03-25T08:00:04.290000Z,SE0000310336,2021-03-25 09:00:04,2021-03-25T08:00:04.293000Z,SEK,XSTO,XSTO,MonetaryAmount,N,1O-------PH---,000026034,664.8,16,,,
50,14159,2021-03-25 09:00:04,2021-03-25T08:00:04.290000Z,SE0000310336,2021-03-25 09:00:04,2021-03-25T08:00:04.293000Z,SEK,XSTO,XSTO,MonetaryAmount,N,1O-------PH---,000026035,664.8,4,,,
51,14158,2021-03-25 09:00:04,2021-03-25T08:00:04.290000Z,SE0000310336,2021-03-25 09:00:04,2021-03-25T08:00:04.293000Z,SEK,XSTO,XSTO,MonetaryAmount,N,1O-------PH---,000026036,664.8,188,,,
52,14157,2021-03-25 09:00:04,2021-03-25T08:00:04.290000Z,SE0000310336,2021-03-25 09:00:04,2021-03-25T08:00:04.293000Z,SEK,XSTO,XSTO,MonetaryAmount,N,1O-------PH---,000026037,664.8,75,,,
53,14156,2021-03-25 09:00:04,2021-03-25T08:00:04.290000Z,SE0000310336,2021-03-25 09:00:04,2021-03-25T08:00:04.293000Z,SEK,XSTO,XSTO,MonetaryAmount,N,1O-------PH---,000026038,664.8,56,,,
54,14155,2021-03-25 09:00:04,2021-03-25T08:00:04.290000Z,SE0000310336,2021-03-25 09:00:04,2021-03-25T08:00:04.293000Z,SEK,XSTO,XSTO,MonetaryAmount,N,1O-------PH---,000026039,664.8,270,,,
55,14154,2021-03-25 09:00:04,2021-03-25T08:00:04.290000Z,SE0000310336,2021-03-25 09:00:04,2021-03-25T08:00:04.293000Z,SEK,XSTO,XSTO,MonetaryAmount,N,1O-------PH---,000026040,664.8,10,,,
56,14153,2021-03-25 09:00:04,2021-03-25T08:00:04.290000Z,SE0000310336,2021-03-25 09:00:04,2021-03-25T08:00:04.293000Z,SEK,XSTO,XSTO,MonetaryAmount,N,1O-------PH---,000026041,664.8,1,,,
57,14152,2021-03-25 09:00:04,2021-03-25T08:00:04.290000Z,SE0000310336,2021-03-25 09:00:04,2021-03-25T08:00:04.293000Z,SEK,XSTO,XSTO,MonetaryAmount,N,1O-------PH---,000026042,664.8,50,,,
58,14151,2021-03-25 09:00:04,2021-03-25T08:00:04.290000Z,SE0000310336,2021-03-25 09:00:04,2021-03-25T08:00:04.293000Z,SEK,XSTO,XSTO,MonetaryAmount,N,1O-------PH---,000026043,664.8,10,,,
59,14150,2021-03-25 09:00:04,2021-03-25T08:00:04.290000Z,SE0000310336,2021-03-25 09:00:04,2021-03-25T08:00:04.293000Z,SEK,XSTO,XSTO,MonetaryAmount,N,1O-------PH---,000026044,664.8,25,,,
60,14149,2021-03-25 09:00:04,2021-03-25T08:00:04.290000Z,SE0000310336,2021-03-25 09:00:04,2021-03-25T08:00:04.293000Z,SEK,XSTO,XSTO,MonetaryAmount,N,1O-------PH---,000026045,664.8,28,,,
61,14148,2021-03-25 09:00:04,2021-03-25T08:00:04.290000Z,SE0000310336,2021-03-25 09:00:04,2021-03-25T08:00:04.293000Z,SEK,XSTO,XSTO,MonetaryAmount,N,1O-------PH---,000026046,664.8,15,,,
62,14147,2021-03-25 09:00:04,2021-03-25T08:00:04.290000Z,SE0000310336,2021-03-25 09:00:04,2021-03-25T08:00:04.293000Z,SEK,XSTO,XSTO,MonetaryAmount,N,1O-------PH---,000026047,664.8,33,,,
63,14146,2021-03-25 09:00:04,2021-03-25T08:00:04.290000Z,SE0000310336,2021-03-25 09:00:04,2021-03-25T08:00:04.293000Z,SEK,XSTO,XSTO,MonetaryAmount,N,1O-------P----,000026048,664.8,5,,,
64,14145,2021-03-25 09:00:04,2021-03-25T08:00:04.290000Z,SE0000310336,2021-03-25 09:00:04,2021-03-25T08:00:04.293000Z,SEK,XSTO,XSTO,MonetaryAmount,N,1O-------P----,000026049,664.8,34,,,
65,14144,2021-03-25 09:00:04,2021-03-25T08:00:04.290000Z,SE0000310336,2021-03-25 09:00:04,2021-03-25T08:00:04.293000Z,SEK,XSTO,XSTO,MonetaryAmount,N,1O-------P----,000026050,664.8,34,,,
66,14143,2021-03-25 09:00:04,2021-03-25T08:00:04.290000Z,SE0000310336,2021-03-25 09:00:04,2021-03-25T08:00:04.293000Z,SEK,XSTO,XSTO,MonetaryAmount,N,1O-------PH---,000026051,664.8,2,,,
67,14142,2021-03-25 09:00:04,2021-03-25T08:00:04.290000Z,SE0000310336,2021-03-25 09:00:04,2021-03-25T08:00:04.293000Z,SEK,XSTO,XSTO,MonetaryAmount,N,1O-------PH---,000026052,664.8,14,,,
68,14141,2021-03-25 09:00:04,2021-03-25T08:00:04.290000Z,SE0000310336,2021-03-25 09:00:04,2021-03-25T08:00:04.293000Z,SEK,XSTO,XSTO,MonetaryAmount,N,1O-------PH---,000026053,664.8,6,,,
69,14140,2021-03-25 09:00:04,2021-03-25T08:00:04.290000Z,SE0000310336,2021-03-25 09:00:04,2021-03-25T08:00:04.293000Z,SEK,XSTO,XSTO,MonetaryAmount,N,1O-------PH---,000026054,664.8,2,,,
70,14139,2021-03-25 09:00:04,2021-03-25T08:00:04.290000Z,SE0000310336,2021-03-25 09:00:04,2021-03-25T08:00:04.293000Z,SEK,XSTO,XSTO,MonetaryAmount,N,1O-------PH---,000026055,664.8,1,,,
71,14138,2021-03-25 09:00:04,2021-03-25T08:00:04.290000Z,SE0000310336,2021-03-25 09:00:04,2021-03-25T08:00:04.293000Z,SEK,XSTO,XSTO,MonetaryAmount,N,1O-------P----,000026056,664.8,33,,,
72,14137,2021-03-25 09:00:04,2021-03-25T08:00:04.290000Z,SE0000310336,2021-03-25 09:00:04,2021-03-25T08:00:04.293000Z,SEK,XSTO,XSTO,MonetaryAmount,N,1O-------P----,000026057,664.8,15,,,
73,14136,2021-03-25 09:00:04,2021-03-25T08:00:04.290000Z,SE0000310336,2021-03-25 09:00:04,2021-03-25T08:00:04.293000Z,SEK,XSTO,XSTO,MonetaryAmount,N,1O-------PH---,000026058,664.8,15,,,
74,14135,2021-03-25 09:00:04,2021-03-25T08:00:04.290000Z,SE0000310336,2021-03-25 09:00:04,2021-03-25T08:00:04.293000Z,SEK,XSTO,XSTO,MonetaryAmount,N,1O-------PH---,000026059,664.8,277,,,
75,14134,2021-03-25 09:00:04,2021-03-25T08:00:04.290000Z,SE0000310336,2021-03-25 09:00:04,2021-03-25T08:00:04.293000Z,SEK,XSTO,XSTO,MonetaryAmount,N,1O-------PH---,000026060,664.8,10,,,
76,14133,2021-03-25 09:00:04,2021-03-25T08:00:04.290000Z,SE0000310336,2021-03-25 09:00:04,2021-03-25T08:00:04.293000Z,SEK,XSTO,XSTO,MonetaryAmount,N,1O-------PH---,000026061,664.8,3,,,
77,14132,2021-03-25 09:00:04,2021-03-25T08:00:04.290000Z,SE0000310336,2021-03-25 09:00:04,2021-03-25T08:00:04.293000Z,SEK,XSTO,XSTO,MonetaryAmount,N,1O-------PH---,000026062,664.8,2,,,
78,14131,2021-03-25 09:00:04,2021-03-25T08:00:04.290000Z,SE0000310336,2021-03-25 09:00:04,2021-03-25T08:00:04.293000Z,SEK,XSTO,XSTO,MonetaryAmount,N,1O-------PH---,000026063,664.8,10,,,
79,14130,2021-03-25 09:00:04,2021-03-25T08:00:04.290000Z,SE0000310336,2021-03-25 09:00:04,2021-03-25T08:00:04.293000Z,SEK,XSTO,XSTO,MonetaryAmount,N,1O-------PH---,000026064,664.8,1,,,
80,14129,2021-03-25 09:00:04,2021-03-25T08:00:04.290000Z,SE0000310336,2021-03-25 09:00:04,2021-03-25T08:00:04.293000Z,SEK,XSTO,XSTO,MonetaryAmount,N,1O-------PH---,000026065,664.8,20,,,
81,14128,2021-03-25 09:00:04,2021-03-25T08:00:04.290000Z,SE0000310336,2021-03-25 09:00:04,2021-03-25T08:00:04.293000Z,SEK,XSTO,XSTO,MonetaryAmount,N,1O-------PH---,000026066,664.8,12,,,
82,14127,2021-03-25 09:00:04,2021-03-25T08:00:04.290000Z,SE0000310336,2021-03-25 09:00:04,2021-03-25T08:00:04.293000Z,SEK,XSTO,XSTO,MonetaryAmount,N,1O-------PH---,000026067,664.8,1,,,
83,14126,2021-03-25 09:00:04,2021-03-25T08:00:04.290000Z,SE0000310336,2021-03-25 09:00:04,2021-03-25T08:00:04.293000Z,SEK,XSTO,XSTO,MonetaryAmount,N,1O-------PH---,000026068,664.8,1,,,
84,14125,2021-03-25 09:00:04,2021-03-25T08:00:04.290000Z,SE0000310336,2021-03-25 09:00:04,2021-03-25T08:00:04.293000Z,SEK,XSTO,XSTO,MonetaryAmount,N,1O-------PH---,000026069,664.8,15,,,
85,14124,2021-03-25 09:00:04,2021-03-25T08:00:04.290000Z,SE0000310336,2021-03-25 09:00:04,2021-03-25T08:00:04.293000Z,SEK,XSTO,XSTO,MonetaryAmount,N,1O-------PH---,000026070,664.8,4,,,
86,14123,2021-03-25 09:00:04,2021-03-25T08:00:04.290000Z,SE0000310336,2021-03-25 09:00:04,2021-03-25T08:00:04.293000Z,SEK,XSTO,XSTO,MonetaryAmount,N,1O-------PH---,000026071,664.8,2,,,
87,14122,2021-03-25 09:00:04,2021-03-25T08:00:04.290000Z,SE0000310336,2021-03-25 09:00:04,2021-03-25T08:00:04.293000Z,SEK,XSTO,XSTO,MonetaryAmount,N,1O-------PH---,000026072,664.8,1,,,
88,14121,2021-03-25 09:00:04,2021-03-25T08:00:04.290000Z,SE0000310336,2021-03-25 09:00:04,2021-03-25T08:00:04.293000Z,SEK,XSTO,XSTO,MonetaryAmount,N,1O-------PH---,000026073,664.8,1,,,
89,14120,2021-03-25 09:00:04,2021-03-25T08:00:04.290000Z,SE0000310336,2021-03-25 09:00:04,2021-03-25T08:00:04.293000Z,SEK,XSTO,XSTO,MonetaryAmount,N,1O-------PH---,000026074,664.8,3,,,
90,14119,2021-03-25 09:00:04,2021-03-25T08:00:04.290000Z,SE0000310336,2021-03-25 09:00:04,2021-03-25T08:00:04.293000Z,SEK,XSTO,XSTO,MonetaryAmount,N,1O-------PH---,000026075,664.8,4,,,
91,14118,2021-03-25 09:00:04,2021-03-25T08:00:04.290000Z,SE0000310336,2021-03-25 09:00:04,2021-03-25T08:00:04.293000Z,SEK,XSTO,XSTO,MonetaryAmount,N,1O-------PH---,000026076,664.8,2,,,
92,14117,2021-03-25 09:00:04,2021-03-25T08:00:04.290000Z,SE0000310336,2021-03-25 09:00:04,2021-03-25T08:00:04.293000Z,SEK,XSTO,XSTO,MonetaryAmount,N,1O-------PH---,000026077,664.8,5,,,
93,14116,2021-03-25 09:00:04,2021-03-25T08:00:04.290000Z,SE0000310336,2021-03-25 09:00:04,2021-03-25T08:00:04.293000Z,SEK,XSTO,XSTO,MonetaryAmount,N,1O-------PH---,000026078,664.8,1,,,
94,14115,2021-03-25 09:00:04,2021-03-25T08:00:04.290000Z,SE0000310336,2021-03-25 09:00:04,2021-03-25T08:00:04.293000Z,SEK,XSTO,XSTO,MonetaryAmount,N,1O-------PH---,000026079,664.8,2,,,
95,14114,2021-03-25 09:00:04,2021-03-25T08:00:04.290000Z,SE0000310336,2021-03-25 09:00:04,2021-03-25T08:00:04.293000Z,SEK,XSTO,XSTO,MonetaryAmount,N,1O-------PH---,000026080,664.8,8,,,
96,14113,2021-03-25 09:00:04,2021-03-25T08:00:04.290000Z,SE0000310336,2021-03-25 09:00:04,2021-03-25T08:00:04.293000Z,SEK,XSTO,XSTO,MonetaryAmount,N,1O-------PH---,000026081,664.8,2,,,
97,14112,2021-03-25 09:00:04,2021-03-25T08:00:04.290000Z,SE0000310336,2021-03-25 09:00:04,2021-03-25T08:00:04.293000Z,SEK,XSTO,XSTO,MonetaryAmount,N,1O-------PH---,000026082,664.8,12,,,
98,14111,2021-03-25 09:00:04,2021-03-25T08:00:04.290000Z,SE0000310336,2021-03-25 09:00:04,2021-03-25T08:00:04.293000Z,SEK,XSTO,XSTO,MonetaryAmount,N,1O-------PH---,000026083,664.8,8,,,
99,14110,2021-03-25 09:00:04,2021-03-25T08:00:04.290000Z,SE0000310336,2021-03-25 09:00:04,2021-03-25T08:00:04.293000Z,SEK,XSTO,XSTO,MonetaryAmount,N,1O-------PH---,000026084,664.8,10,,,
100,14109,2021-03-25 09:00:04,2021-03-25T08:00:04.290000Z,SE0000310336,2021-03-25 09:00:04,2021-03-25T08:00:04.293000Z,SEK,XSTO,XSTO,MonetaryAmount,N,1O-------PH---,000026085,664.8,1,,,
101,14108,2021-03-25 09:00:04,2021-03-25T08:00:04.290000Z,SE0000310336,2021-03-25 09:00:04,2021-03-25T08:00:04.293000Z,SEK,XSTO,XSTO,MonetaryAmount,N,1O-------PH---,000026086,664.8,3,,,
102,14107,2021-03-25 09:00:04,2021-03-25T08:00:04.290000Z,SE0000310336,2021-03-25 09:00:04,2021-03-25T08:00:04.293000Z,SEK,XSTO,XSTO,MonetaryAmount,N,1O-------PH---,000026087,664.8,1,,,
103,14106,2021-03-25 09:00:04,2021-03-25T08:00:04.290000Z,SE0000310336,2021-03-25 09:00:04,2021-03-25T08:00:04.293000Z,SEK,XSTO,XSTO,MonetaryAmount,N,1O-------PH---,000026088,664.8,1,,,
104,14105,2021-03-25 09:00:04,2021-03-25T08:00:04.290000Z,SE0000310336,2021-03-25 09:00:04,2021-03-25T08:00:04.293000Z,SEK,XSTO,XSTO,MonetaryAmount,N,1O-------PH---,000026089,664.8,1,,,
105,14104,2021-03-25 09:00:04,2021-03-25T08:00:04.290000Z,SE0000310336,2021-03-25 09:00:04,2021-03-25T08:00:04.293000Z,SEK,XSTO,XSTO,MonetaryAmount,N,1O-------PH---,000026090,664.8,2,,,
106,14103,2021-03-25 09:00:04,2021-03-25T08:00:04.290000Z,SE0000310336,2021-03-25 09:00:04,2021-03-25T08:00:04.293000Z,SEK,XSTO,XSTO,MonetaryAmount,N,1O-------PH---,000026091,664.8,10,,,
107,14102,2021-03-25 09:00:04,2021-03-25T08:00:04.290000Z,SE0000310336,2021-03-25 09:00:04,2021-03-25T08:00:04.293000Z,SEK,XSTO,XSTO,MonetaryAmount,N,1O-------PH---,000026092,664.8,1,,,
108,14101,2021-03-25 09:00:04,2021-03-25T08:00:04.290000Z,SE0000310336,2021-03-25 09:00:04,2021-03-25T08:00:04.293000Z,SEK,XSTO,XSTO,MonetaryAmount,N,1O-------PH---,000026093,664.8,2,,,
109,14100,2021-03-25 09:00:04,2021-03-25T08:00:04.290000Z,SE0000310336,2021-03-25 09:00:04,2021-03-25T08:00:04.293000Z,SEK,XSTO,XSTO,MonetaryAmount,N,1O-------PH---,000026094,664.8,3,,,
110,14099,2021-03-25 09:00:04,2021-03-25T08:00:04.290000Z,SE0000310336,2021-03-25 09:00:04,2021-03-25T08:00:04.293000Z,SEK,XSTO,XSTO,MonetaryAmount,N,1O-------PH---,000026095,664.8,7,,,
111,14098,2021-03-25 09:00:04,2021-03-25T08:00:04.290000Z,SE0000310336,2021-03-25 09:00:04,2021-03-25T08:00:04.293000Z,SEK,XSTO,XSTO,MonetaryAmount,N,1O-------PH---,000026096,664.8,1,,,
112,14097,2021-03-25 09:00:04,2021-03-25T08:00:04.290000Z,SE0000310336,2021-03-25 09:00:04,2021-03-25T08:00:04.293000Z,SEK,XSTO,XSTO,MonetaryAmount,N,1O-------PH---,000026097,664.8,1,,,
113,14096,2021-03-25 09:00:04,2021-03-25T08:00:04.290000Z,SE0000310336,2021-03-25 09:00:04,2021-03-25T08:00:04.293000Z,SEK,XSTO,XSTO,MonetaryAmount,N,1O-------PH---,000026098,664.8,12,,,
114,14095,2021-03-25 09:00:04,2021-03-25T08:00:04.290000Z,SE0000310336,2021-03-25 09:00:04,2021-03-25T08:00:04.297000Z,SEK,XSTO,XSTO,MonetaryAmount,N,1O-------PH---,000026099,664.8,3,,,
115,14094,2021-03-25 09:00:04,2021-03-25T08:00:04.290000Z,SE0000310336,2021-03-25 09:00:04,2021-03-25T08:00:04.297000Z,SEK,XSTO,XSTO,MonetaryAmount,N,1O-------PH---,000026100,664.8,4,,,
116,14093,2021-03-25 09:00:04,2021-03-25T08:00:04.290000Z,SE0000310336,2021-03-25 09:00:04,2021-03-25T08:00:04.297000Z,SEK,XSTO,XSTO,MonetaryAmount,N,1O-------PH---,000026101,664.8,1,,,
117,14092,2021-03-25 09:00:04,2021-03-25T08:00:04.290000Z,SE0000310336,2021-03-25 09:00:04,2021-03-25T08:00:04.297000Z,SEK,XSTO,XSTO,MonetaryAmount,N,1O-------PH---,000026102,664.8,1,,,
118,14091,2021-03-25 09:00:04,2021-03-25T08:00:04.290000Z,SE0000310336,2021-03-25 09:00:04,2021-03-25T08:00:04.297000Z,SEK,XSTO,XSTO,MonetaryAmount,N,1O-------PH---,000026103,664.8,10,,,
119,14090,2021-03-25 09:00:04,2021-03-25T08:00:04.290000Z,SE0000310336,2021-03-25 09:00:04,2021-03-25T08:00:04.297000Z,SEK,XSTO,XSTO,MonetaryAmount,N,1O-------PH---,000026104,664.8,2,,,
120,14089,2021-03-25 09:00:04,2021-03-25T08:00:04.290000Z,SE0000310336,2021-03-25 09:00:04,2021-03-25T08:00:04.297000Z,SEK,XSTO,XSTO,MonetaryAmount,N,1O-------PH---,000026105,664.8,2,,,
121,14088,2021-03-25 09:00:04,2021-03-25T08:00:04.290000Z,SE0000310336,2021-03-25 09:00:04,2021-03-25T08:00:04.297000Z,SEK,XSTO,XSTO,MonetaryAmount,N,1O-------PH---,000026106,664.8,3,,,
122,14087,2021-03-25 09:00:04,2021-03-25T08:00:04.290000Z,SE0000310336,2021-03-25 09:00:04,2021-03-25T08:00:04.297000Z,SEK,XSTO,XSTO,MonetaryAmount,N,1O-------PH---,000026107,664.8,1,,,
123,14086,2021-03-25 09:00:04,2021-03-25T08:00:04.290000Z,SE0000310336,2021-03-25 09:00:04,2021-03-25T08:00:04.297000Z,SEK,XSTO,XSTO,MonetaryAmount,N,1O-------PH---,000026108,664.8,1,,,
124,14085,2021-03-25 09:00:04,2021-03-25T08:00:04.290000Z,SE0000310336,2021-03-25 09:00:04,2021-03-25T08:00:04.297000Z,SEK,XSTO,XSTO,MonetaryAmount,N,1O-------PH---,000026109,664.8,5,,,
125,14084,2021-03-25 09:00:04,2021-03-25T08:00:04.290000Z,SE0000310336,2021-03-25 09:00:04,2021-03-25T08:00:04.297000Z,SEK,XSTO,XSTO,MonetaryAmount,N,1O-------PH---,000026110,664.8,3,,,
126,14083,2021-03-25 09:00:04,2021-03-25T08:00:04.290000Z,SE0000310336,2021-03-25 09:00:04,2021-03-25T08:00:04.297000Z,SEK,XSTO,XSTO,MonetaryAmount,N,1O-------PH---,000026111,664.8,3,,,
127,14082,2021-03-25 09:00:04,2021-03-25T08:00:04.290000Z,SE0000310336,2021-03-25 09:00:04,2021-03-25T08:00:04.297000Z,SEK,XSTO,XSTO,MonetaryAmount,N,1O-------PH---,000026112,664.8,24,,,
128,14081,2021-03-25 09:00:04,2021-03-25T08:00:04.290000Z,SE0000310336,2021-03-25 09:00:04,2021-03-25T08:00:04.297000Z,SEK,XSTO,XSTO,MonetaryAmount,N,1O-------PH---,000026113,664.8,3,,,
129,14080,2021-03-25 09:00:04,2021-03-25T08:00:04.290000Z,SE0000310336,2021-03-25 09:00:04,2021-03-25T08:00:04.297000Z,SEK,XSTO,XSTO,MonetaryAmount,N,1O-------PH---,000026114,664.8,5,,,
130,14079,2021-03-25 09:00:04,2021-03-25T08:00:04.290000Z,SE0000310336,2021-03-25 09:00:04,2021-03-25T08:00:04.297000Z,SEK,XSTO,XSTO,MonetaryAmount,N,1O-------PH---,000026115,664.8,1,,,
131,14078,2021-03-25 09:00:04,2021-03-25T08:00:04.290000Z,SE0000310336,2021-03-25 09:00:04,2021-03-25T08:00:04.297000Z,SEK,XSTO,XSTO,MonetaryAmount,N,1O-------PH---,000026116,664.8,2,,,
132,14077,2021-03-25 09:00:04,2021-03-25T08:00:04.290000Z,SE0000310336,2021-03-25 09:00:04,2021-03-25T08:00:04.297000Z,SEK,XSTO,XSTO,MonetaryAmount,N,1O-------PH---,000026117,664.8,4,,,
133,14076,2021-03-25 09:00:04,2021-03-25T08:00:04.290000Z,SE0000310336,2021-03-25 09:00:04,2021-03-25T08:00:04.297000Z,SEK,XSTO,XSTO,MonetaryAmount,N,1O-------PH---,000026118,664.8,1,,,
134,14075,2021-03-25 09:00:04,2021-03-25T08:00:04.290000Z,SE0000310336,2021-03-25 09:00:04,2021-03-25T08:00:04.297000Z,SEK,XSTO,XSTO,MonetaryAmount,N,1O-------PH---,000026119,664.8,5,,,
135,14074,2021-03-25 09:00:04,2021-03-25T08:00:04.290000Z,SE0000310336,2021-03-25 09:00:04,2021-03-25T08:00:04.297000Z,SEK,XSTO,XSTO,MonetaryAmount,N,1O-------PH---,000026120,664.8,100,,,
136,14073,2021-03-25 09:00:04,2021-03-25T08:00:04.290000Z,SE0000310336,2021-03-25 09:00:04,2021-03-25T08:00:04.297000Z,SEK,XSTO,XSTO,MonetaryAmount,N,1O-------PH---,000026121,664.8,250,,,
137,14072,2021-03-25 09:00:04,2021-03-25T08:00:04.290000Z,SE0000310336,2021-03-25 09:00:04,2021-03-25T08:00:04.297000Z,SEK,XSTO,XSTO,MonetaryAmount,N,1O-------PH---,000026122,664.8,2,,,
138,14071,2021-03-25 09:00:04,2021-03-25T08:00:04.290000Z,SE0000310336,2021-03-25 09:00:04,2021-03-25T08:00:04.297000Z,SEK,XSTO,XSTO,MonetaryAmount,N,1O-------PH---,000026123,664.8,2,,,
139,14070,2021-03-25 09:00:04,2021-03-25T08:00:04.290000Z,SE0000310336,2021-03-25 09:00:04,2021-03-25T08:00:04.297000Z,SEK,XSTO,XSTO,MonetaryAmount,N,1O-------PH---,000026124,664.8,1,,,
140,14069,2021-03-25 09:00:04,2021-03-25T08:00:04.290000Z,SE0000310336,2021-03-25 09:00:04,2021-03-25T08:00:04.297000Z,SEK,XSTO,XSTO,MonetaryAmount,N,1O-------PH---,000026125,664.8,2,,,
141,14068,2021-03-25 09:00:04,2021-03-25T08:00:04.290000Z,SE0000310336,2021-03-25 09:00:04,2021-03-25T08:00:04.297000Z,SEK,XSTO,XSTO,MonetaryAmount,N,1O-------PH---,000026126,664.8,4,,,
142,14067,2021-03-25 09:00:04,2021-03-25T08:00:04.290000Z,SE0000310336,2021-03-25 09:00:04,2021-03-25T08:00:04.297000Z,SEK,XSTO,XSTO,MonetaryAmount,N,1O-------PH---,000026127,664.8,7,,,
143,14066,2021-03-25 09:00:04,2021-03-25T08:00:04.290000Z,SE0000310336,2021-03-25 09:00:04,2021-03-25T08:00:04.297000Z,SEK,XSTO,XSTO,MonetaryAmount,N,1O-------PH---,000026128,664.8,1,,,
144,14065,2021-03-25 09:00:04,2021-03-25T08:00:04.290000Z,SE0000310336,2021-03-25 09:00:04,2021-03-25T08:00:04.297000Z,SEK,XSTO,XSTO,MonetaryAmount,N,1O-------PH---,000026129,664.8,1,,,
145,14064,2021-03-25 09:00:04,2021-03-25T08:00:04.290000Z,SE0000310336,2021-03-25 09:00:04,2021-03-25T08:00:04.297000Z,SEK,XSTO,XSTO,MonetaryAmount,N,1O-------PH---,000026130,664.8,1,,,
146,14063,2021-03-25 09:00:04,2021-03-25T08:00:04.290000Z,SE0000310336,2021-03-25 09:00:04,2021-03-25T08:00:04.297000Z,SEK,XSTO,XSTO,MonetaryAmount,N,1O-------PH---,000026131,664.8,50,,,
147,14062,2021-03-25 09:00:04,2021-03-25T08:00:04.290000Z,SE0000310336,2021-03-25 09:00:04,2021-03-25T08:00:04.297000Z,SEK,XSTO,XSTO,MonetaryAmount,N,1O-------PH---,000026132,664.8,1,,,
148,14061,2021-03-25 09:00:04,2021-03-25T08:00:04.290000Z,SE0000310336,2021-03-25 09:00:04,2021-03-25T08:00:04.297000Z,SEK,XSTO,XSTO,MonetaryAmount,N,1O-------PH---,000026133,664.8,16,,,
149,14060,2021-03-25 09:00:04,2021-03-25T08:00:04.290000Z,SE0000310336,2021-03-25 09:00:04,2021-03-25T08:00:04.297000Z,SEK,XSTO,XSTO,MonetaryAmount,N,1O-------PH---,000026134,664.8,1,,,
150,14059,2021-03-25 09:00:04,2021-03-25T08:00:04.290000Z,SE0000310336,2021-03-25 09:00:04,2021-03-25T08:00:04.297000Z,SEK,XSTO,XSTO,MonetaryAmount,N,1O-------PH---,000026135,664.8,1,,,
151,14058,2021-03-25 09:00:04,2021-03-25T08:00:04.290000Z,SE0000310336,2021-03-25 09:00:04,2021-03-25T08:00:04.297000Z,SEK,XSTO,XSTO,MonetaryAmount,N,1O-------PH---,000026136,664.8,1,,,
152,14057,2021-03-25 09:00:04,2021-03-25T08:00:04.290000Z,SE0000310336,2021-03-25 09:00:04,2021-03-25T08:00:04.297000Z,SEK,XSTO,XSTO,MonetaryAmount,N,1O-------PH---,000026137,664.8,15,,,
153,14056,2021-03-25 09:00:04,2021-03-25T08:00:04.290000Z,SE0000310336,2021-03-25 09:00:04,2021-03-25T08:00:04.297000Z,SEK,XSTO,XSTO,MonetaryAmount,N,1O-------PH---,000026138,664.8,2,,,
154,14055,2021-03-25 09:00:04,2021-03-25T08:00:04.290000Z,SE0000310336,2021-03-25 09:00:04,2021-03-25T08:00:04.297000Z,SEK,XSTO,XSTO,MonetaryAmount,N,1O-------PH---,000026139,664.8,8,,,
155,14054,2021-03-25 09:00:04,2021-03-25T08:00:04.290000Z,SE0000310336,2021-03-25 09:00:04,2021-03-25T08:00:04.297000Z,SEK,XSTO,XSTO,MonetaryAmount,N,1O-------PH---,000026140,664.8,128,,,
156,14053,2021-03-25 09:00:04,2021-03-25T08:00:04.290000Z,SE0000310336,2021-03-25 09:00:04,2021-03-25T08:00:04.297000Z,SEK,XSTO,XSTO,MonetaryAmount,N,1O-------PH---,000026141,664.8,6,,,
157,14052,2021-03-25 09:00:04,2021-03-25T08:00:04.290000Z,SE0000310336,2021-03-25 09:00:04,2021-03-25T08:00:04.297000Z,SEK,XSTO,XSTO,MonetaryAmount,N,1O-------PH---,000026142,664.8,3,,,
158,14051,2021-03-25 09:00:04,2021-03-25T08:00:04.290000Z,SE0000310336,2021-03-25 09:00:04,2021-03-25T08:00:04.297000Z,SEK,XSTO,XSTO,MonetaryAmount,N,1O-------PH---,000026143,664.8,9,,,
159,14050,2021-03-25 09:00:04,2021-03-25T08:00:04.290000Z,SE0000310336,2021-03-25 09:00:04,2021-03-25T08:00:04.297000Z,SEK,XSTO,XSTO,MonetaryAmount,N,1O-------PH---,000026144,664.8,1,,,
160,14049,2021-03-25 09:00:04,2021-03-25T08:00:04.290000Z,SE0000310336,2021-03-25 09:00:04,2021-03-25T08:00:04.297000Z,SEK,XSTO,XSTO,MonetaryAmount,N,1O-------PH---,000026145,664.8,1,,,
161,14048,2021-03-25 09:00:04,2021-03-25T08:00:04.290000Z,SE0000310336,2021-03-25 09:00:04,2021-03-25T08:00:04.297000Z,SEK,XSTO,XSTO,MonetaryAmount,N,1O-------PH---,000026146,664.8,10,,,
162,14047,2021-03-25 09:00:04,2021-03-25T08:00:04.290000Z,SE0000310336,2021-03-25 09:00:04,2021-03-25T08:00:04.297000Z,SEK,XSTO,XSTO,MonetaryAmount,N,1O-------PH---,000026147,664.8,2,,,
163,14046,2021-03-25 09:00:04,2021-03-25T08:00:04.290000Z,SE0000310336,2021-03-25 09:00:04,2021-03-25T08:00:04.297000Z,SEK,XSTO,XSTO,MonetaryAmount,N,1O-------PH---,000026148,664.8,3,,,
164,14045,2021-03-25 09:00:04,2021-03-25T08:00:04.320000Z,SE0000310336,2021-03-25 09:00:04,2021-03-25T08:00:04.320000Z,SEK,XSTO,XSTO,MonetaryAmount,N,12-------PH---,000026209,664.6,1,,,
165,14044,2021-03-25 09:00:04,2021-03-25T08:00:04.343000Z,SE0000310336,2021-03-25 09:00:04,2021-03-25T08:00:04.343000Z,SEK,XSTO,XSTO,MonetaryAmount,N,12-------PH---,000026231,664.4,1,,,
166,14043,2021-03-25 09:00:04,2021-03-25T08:00:04.363000Z,SE0000310336,2021-03-25 09:00:04,2021-03-25T08:00:04.363000Z,SEK,XSTO,XSTO,MonetaryAmount,N,12-------PH---,000026246,664.2,1,,,
167,14042,2021-03-25 09:00:05,2021-03-25T08:00:05.087000Z,SE0000310336,2021-03-25 09:00:05,2021-03-25T08:00:05.087000Z,SEK,XSTO,XSTO,MonetaryAmount,N,12-------PH---,000028686,664.2,3,,,
168,14041,2021-03-25 09:00:05,2021-03-25T08:00:05.087000Z,SE0000310336,2021-03-25 09:00:05,2021-03-25T08:00:05.087000Z,SEK,XSTO,XSTO,MonetaryAmount,N,12-------PH---,000028687,664.2,30,,,
169,14040,2021-03-25 09:00:07,2021-03-25T08:00:07.880000Z,SE0000310336,2021-03-25 09:00:07,2021-03-25T08:00:07.880000Z,SEK,XSTO,XSTO,MonetaryAmount,N,12-------PH---,000029539,664.8,66,,,
170,14039,2021-03-25 09:00:08,2021-03-25T08:00:08.977000Z,SE0000310336,2021-03-25 09:00:08,2021-03-25T08:00:08.977000Z,SEK,XSTO,XSTO,MonetaryAmount,N,12-------PH---,000029740,664.0,5,,,
171,14038,2021-03-25 09:00:08,2021-03-25T08:00:08.977000Z,SE0000310336,2021-03-25 09:00:08,2021-03-25T08:00:08.977000Z,SEK,XSTO,XSTO,MonetaryAmount,N,12-------PH---,000029741,664.0,4,,,
172,14037,2021-03-25 09:00:08,2021-03-25T08:00:08.977000Z,SE0000310336,2021-03-25 09:00:08,2021-03-25T08:00:08.977000Z,SEK,XSTO,XSTO,MonetaryAmount,N,12-------PH---,000029742,664.0,3,,,
173,14036,2021-03-25 09:00:08,2021-03-25T08:00:08.977000Z,SE0000310336,2021-03-25 09:00:08,2021-03-25T08:00:08.977000Z,SEK,XSTO,XSTO,MonetaryAmount,N,12-------PH---,000029743,664.0,25,,,
174,14035,2021-03-25 09:00:08,2021-03-25T08:00:08.977000Z,SE0000310336,2021-03-25 09:00:08,2021-03-25T08:00:08.977000Z,SEK,XSTO,XSTO,MonetaryAmount,N,12-------PH---,000029744,664.0,5,,,
175,14034,2021-03-25 09:00:09,2021-03-25T08:00:09.197000Z,SE0000310336,2021-03-25 09:00:09,2021-03-25T08:00:09.197000Z,SEK,XSTO,XSTO,MonetaryAmount,N,12-------PH---,000029798,663.8,2,,,
176,14033,2021-03-25 09:00:09,2021-03-25T08:00:09.197000Z,SE0000310336,2021-03-25 09:00:09,2021-03-25T08:00:09.197000Z,SEK,XSTO,XSTO,MonetaryAmount,N,12-------PH---,000029799,663.8,70,,,
177,14032,2021-03-25 09:00:13,2021-03-25T08:00:13.207000Z,SE0000310336,2021-03-25 09:00:13,2021-03-25T08:00:13.207000Z,SEK,XSTO,XSTO,MonetaryAmount,N,12-------PH---,000030665,664.0,90,,,
178,14031,2021-03-25 09:00:13,2021-03-25T08:00:13.207000Z,SE0000310336,2021-03-25 09:00:13,2021-03-25T08:00:13.207000Z,SEK,XSTO,XSTO,MonetaryAmount,N,12-------PH---,000030666,664.0,2,,,
179,14030,2021-03-25 09:00:13,2021-03-25T08:00:13.207000Z,SE0000310336,2021-03-25 09:00:13,2021-03-25T08:00:13.207000Z,SEK,XSTO,XSTO,MonetaryAmount,N,12-------PH---,000030668,664.0,25,,,
180,14029,2021-03-25 09:00:13,2021-03-25T08:00:13.207000Z,SE0000310336,2021-03-25 09:00:13,2021-03-25T08:00:13.207000Z,SEK,XSTO,XSTO,MonetaryAmount,N,12-------PH---,000030669,664.0,21,,,
181,14028,2021-03-25 09:00:13,2021-03-25T08:00:13.207000Z,SE0000310336,2021-03-25 09:00:13,2021-03-25T08:00:13.207000Z,SEK,XSTO,XSTO,MonetaryAmount,N,12-------PH---,000030670,664.0,17,,,
182,14027,2021-03-25 09:00:13,2021-03-25T08:00:13.207000Z,SE0000310336,2021-03-25 09:00:13,2021-03-25T08:00:13.207000Z,SEK,XSTO,XSTO,MonetaryAmount,N,12-------PH---,000030671,664.0,5,,,
183,14026,2021-03-25 09:00:13,2021-03-25T08:00:13.207000Z,SE0000310336,2021-03-25 09:00:13,2021-03-25T08:00:13.207000Z,SEK,XSTO,XSTO,MonetaryAmount,N,12-------PH---,000030672,664.0,27,,,
184,14025,2021-03-25 09:00:13,2021-03-25T08:00:13.207000Z,SE0000310336,2021-03-25 09:00:13,2021-03-25T08:00:13.207000Z,SEK,XSTO,XSTO,MonetaryAmount,N,12-------PH---,000030673,664.0,36,,,
185,14024,2021-03-25 09:00:13,2021-03-25T08:00:13.207000Z,SE0000310336,2021-03-25 09:00:13,2021-03-25T08:00:13.207000Z,SEK,XSTO,XSTO,MonetaryAmount,N,12-------PH---,000030674,664.0,2,,,
186,14023,2021-03-25 09:00:13,2021-03-25T08:00:13.207000Z,SE0000310336,2021-03-25 09:00:13,2021-03-25T08:00:13.207000Z,SEK,XSTO,XSTO,MonetaryAmount,N,12-------PH---,000030675,664.0,6,,,
187,14022,2021-03-25 09:00:13,2021-03-25T08:00:13.207000Z,SE0000310336,2021-03-25 09:00:13,2021-03-25T08:00:13.207000Z,SEK,XSTO,XSTO,MonetaryAmount,N,12-------PH---,000030676,664.2,51,,,
188,14021,2021-03-25 09:00:17,2021-03-25T08:00:17.350000Z,SE0000310336,2021-03-25 09:00:17,2021-03-25T08:00:17.350000Z,SEK,DSTO,XSTO,MonetaryAmount,N,32D---S--PH---,000031638,664.2,32,,,Nordic@Mid trade
189,14020,2021-03-25 09:00:18,2021-03-25T08:00:18.223000Z,SE0000310336,2021-03-25 09:00:18,2021-03-25T08:00:18.223000Z,SEK,XSTO,XSTO,MonetaryAmount,N,12-------PH---,000031828,664.4,54,,,
190,14019,2021-03-25 09:00:19,2021-03-25T08:00:19.077000Z,SE0000310336,2021-03-25 09:00:19,2021-03-25T08:00:19.077000Z,SEK,XSTO,XSTO,MonetaryAmount,N,12-------PH---,000031963,664.6,1,,,
191,14018,2021-03-25 09:00:19,2021-03-25T08:00:19.077000Z,SE0000310336,2021-03-25 09:00:19,2021-03-25T08:00:19.077000Z,SEK,XSTO,XSTO,MonetaryAmount,N,12-------PH---,000031964,664.6,40,,,
192,14017,2021-03-25 09:00:19,2021-03-25T08:00:19.077000Z,SE0000310336,2021-03-25 09:00:19,2021-03-25T08:00:19.077000Z,SEK,XSTO,XSTO,MonetaryAmount,N,12-------PH---,000031965,664.6,268,,,
193,14016,2021-03-25 09:00:19,2021-03-25T08:00:19.077000Z,SE0000310336,2021-03-25 09:00:19,2021-03-25T08:00:19.077000Z,SEK,XSTO,XSTO,MonetaryAmount,N,12-------PH---,000031966,664.8,70,,,
194,14015,2021-03-25 09:00:19,2021-03-25T08:00:19.243000Z,SE0000310336,2021-03-25 09:00:19,2021-03-25T08:00:19.243000Z,SEK,MSTO,XSTO,MonetaryAmount,N,5U-------PH---,000031984,664.7,31,,,Auction On Demand
195,14014,2021-03-25 09:00:19,2021-03-25T08:00:19.363000Z,SE0000310336,2021-03-25 09:00:19,2021-03-25T08:00:19.363000Z,SEK,MSTO,XSTO,MonetaryAmount,N,5U-------PH---,000032001,664.7,127,,,Auction On Demand
196,14013,2021-03-25 09:00:19,2021-03-25T08:00:19.450000Z,SE0000310336,2021-03-25 09:00:19,2021-03-25T08:00:19.450000Z,SEK,XSTO,XSTO,MonetaryAmount,N,12-------PH---,000032022,665.0,1,,,
197,14012,2021-03-25 09:00:19,2021-03-25T08:00:19.450000Z,SE0000310336,2021-03-25 09:00:19,2021-03-25T08:00:19.453000Z,SEK,XSTO,XSTO,MonetaryAmount,N,12-------PH---,000032023,665.0,20,,,
198,14011,2021-03-25 09:00:19,2021-03-25T08:00:19.450000Z,SE0000310336,2021-03-25 09:00:19,2021-03-25T08:00:19.453000Z,SEK,XSTO,XSTO,MonetaryAmount,N,12-------PH---,000032024,665.0,13,,,
199,14010,2021-03-25 09:00:19,2021-03-25T08:00:19.450000Z,SE0000310336,2021-03-25 09:00:19,2021-03-25T08:00:19.453000Z,SEK,XSTO,XSTO,MonetaryAmount,N,12-------PH---,000032025,665.0,2,,,
200,14009,2021-03-25 09:00:19,2021-03-25T08:00:19.450000Z,SE0000310336,2021-03-25 09:00:19,2021-03-25T08:00:19.453000Z,SEK,XSTO,XSTO,MonetaryAmount,N,12-------PH---,000032026,665.0,10,,,
201,14008,2021-03-25 09:00:19,2021-03-25T08:00:19.450000Z,SE0000310336,2021-03-25 09:00:19,2021-03-25T08:00:19.453000Z,SEK,XSTO,XSTO,MonetaryAmount,N,12-------PH---,000032027,665.0,6,,,
202,14007,2021-03-25 09:00:19,2021-03-25T08:00:19.450000Z,SE0000310336,2021-03-25 09:00:19,2021-03-25T08:00:19.453000Z,SEK,XSTO,XSTO,MonetaryAmount,N,12-------PH---,000032028,665.0,2,,,
203,14006,2021-03-25 09:00:19,2021-03-25T08:00:19.450000Z,SE0000310336,2021-03-25 09:00:19,2021-03-25T08:00:19.453000Z,SEK,XSTO,XSTO,MonetaryAmount,N,12-------PH---,000032029,665.0,1,,,
204,14005,2021-03-25 09:00:19,2021-03-25T08:00:19.450000Z,SE0000310336,2021-03-25 09:00:19,2021-03-25T08:00:19.453000Z,SEK,XSTO,XSTO,MonetaryAmount,N,12-------PH---,000032030,665.0,200,,,
205,14004,2021-03-25 09:00:19,2021-03-25T08:00:19.450000Z,SE0000310336,2021-03-25 09:00:19,2021-03-25T08:00:19.453000Z,SEK,XSTO,XSTO,MonetaryAmount,N,12-------PH---,000032031,665.0,10,,,
206,14003,2021-03-25 09:00:19,2021-03-25T08:00:19.450000Z,SE0000310336,2021-03-25 09:00:19,2021-03-25T08:00:19.453000Z,SEK,XSTO,XSTO,MonetaryAmount,N,12-------PH---,000032032,665.0,4,,,
207,14002,2021-03-25 09:00:19,2021-03-25T08:00:19.450000Z,SE0000310336,2021-03-25 09:00:19,2021-03-25T08:00:19.453000Z,SEK,XSTO,XSTO,MonetaryAmount,N,12-------PH---,000032033,665.0,25,,,
208,14001,2021-03-25 09:00:19,2021-03-25T08:00:19.450000Z,SE0000310336,2021-03-25 09:00:19,2021-03-25T08:00:19.453000Z,SEK,XSTO,XSTO,MonetaryAmount,N,12-------PH---,000032034,665.0,12,,,
209,14000,2021-03-25 09:00:19,2021-03-25T08:00:19.450000Z,SE0000310336,2021-03-25 09:00:19,2021-03-25T08:00:19.453000Z,SEK,XSTO,XSTO,MonetaryAmount,N,12-------PH---,000032035,665.0,12,,,
210,13999,2021-03-25 09:00:19,2021-03-25T08:00:19.450000Z,SE0000310336,2021-03-25 09:00:19,2021-03-25T08:00:19.453000Z,SEK,XSTO,XSTO,MonetaryAmount,N,12-------PH---,000032036,665.0,40,,,
211,13998,2021-03-25 09:00:19,2021-03-25T08:00:19.450000Z,SE0000310336,2021-03-25 09:00:19,2021-03-25T08:00:19.453000Z,SEK,XSTO,XSTO,MonetaryAmount,N,12-------PH---,000032037,665.0,4,,,
212,13997,2021-03-25 09:00:19,2021-03-25T08:00:19.473000Z,SE0000310336,2021-03-25 09:00:19,2021-03-25T08:00:19.473000Z,SEK,XSTO,XSTO,MonetaryAmount,N,12-------PH---,000032038,665.0,3,,,
213,13996,2021-03-25 09:00:19,2021-03-25T08:00:19.473000Z,SE0000310336,2021-03-25 09:00:19,2021-03-25T08:00:19.473000Z,SEK,XSTO,XSTO,MonetaryAmount,N,12-------PH---,000032039,665.6,83,,,
214,13995,2021-03-25 09:00:19,2021-03-25T08:00:19.473000Z,SE0000310336,2021-03-25 09:00:19,2021-03-25T08:00:19.473000Z,SEK,XSTO,XSTO,MonetaryAmount,N,12-------PH---,000032040,665.6,110,,,
215,13994,2021-03-25 09:00:19,2021-03-25T08:00:19.493000Z,SE0000310336,2021-03-25 09:00:19,2021-03-25T08:00:19.493000Z,SEK,XSTO,XSTO,MonetaryAmount,N,12-------PH---,000032043,665.6,111,,,
216,13993,2021-03-25 09:00:20,2021-03-25T08:00:20.510000Z,SE0000310336,2021-03-25 09:00:20,2021-03-25T08:00:20.510000Z,SEK,XSTO,XSTO,MonetaryAmount,N,12-------PH---,000032143,665.4,90,,,
217,13992,2021-03-25 09:00:20,2021-03-25T08:00:20.663000Z,SE0000310336,2021-03-25 09:00:20,2021-03-25T08:00:20.663000Z,SEK,XSTO,XSTO,MonetaryAmount,N,12-------PH---,000032178,665.0,9,,,
218,13991,2021-03-25 09:00:23,2021-03-25T08:00:23.240000Z,SE0000310336,2021-03-25 09:00:23,2021-03-25T08:00:23.240000Z,SEK,XSTO,XSTO,MonetaryAmount,N,12-------PH---,000032565,664.8,3,,,
219,13990,2021-03-25 09:00:23,2021-03-25T08:00:23.967000Z,SE0000310336,2021-03-25 09:00:23,2021-03-25T08:00:23.967000Z,SEK,XSTO,XSTO,MonetaryAmount,N,12-------PH---,000032675,664.8,205,,,
220,13989,2021-03-25 09:00:25,2021-03-25T08:00:25.283000Z,SE0000310336,2021-03-25 09:00:25,2021-03-25T08:00:25.283000Z,SEK,XSTO,XSTO,MonetaryAmount,N,12-------PH---,000032865,665.2,30,,,
221,13988,2021-03-25 09:00:25,2021-03-25T08:00:25.283000Z,SE0000310336,2021-03-25 09:00:25,2021-03-25T08:00:25.283000Z,SEK,XSTO,XSTO,MonetaryAmount,N,12-------PH---,000032866,665.2,3,,,
222,13987,2021-03-25 09:00:25,2021-03-25T08:00:25.283000Z,SE0000310336,2021-03-25 09:00:25,2021-03-25T08:00:25.283000Z,SEK,XSTO,XSTO,MonetaryAmount,N,12-------PH---,000032867,665.2,48,,,
223,13986,2021-03-25 09:00:26,2021-03-25T08:00:26.900000Z,SE0000310336,2021-03-25 09:00:26,2021-03-25T08:00:26.900000Z,SEK,XSTO,XSTO,MonetaryAmount,N,12-------PH---,000033242,665.4,90,,,
224,13985,2021-03-25 09:00:26,2021-03-25T08:00:26.900000Z,SE0000310336,2021-03-25 09:00:26,2021-03-25T08:00:26.900000Z,SEK,XSTO,XSTO,MonetaryAmount,N,12-------PH---,000033243,665.2,8,,,
225,13984,2021-03-25 09:00:27,2021-03-25T08:00:27.040000Z,SE0000310336,2021-03-25 09:00:27,2021-03-25T08:00:27.040000Z,SEK,MSTO,XSTO,MonetaryAmount,N,5U-------PH---,000033256,665.3,50,,,Auction On Demand
226,13983,2021-03-25 09:00:29,2021-03-25T08:00:29.813000Z,SE0000310336,2021-03-25 09:00:29,2021-03-25T08:00:29.813000Z,SEK,XSTO,XSTO,MonetaryAmount,N,12-------PH---,000034132,665.0,46,,,
227,13982,2021-03-25 09:00:29,2021-03-25T08:00:29.813000Z,SE0000310336,2021-03-25 09:00:29,2021-03-25T08:00:29.813000Z,SEK,XSTO,XSTO,MonetaryAmount,N,12-------PH---,000034133,665.0,36,,,
228,13981,2021-03-25 09:00:29,2021-03-25T08:00:29.907000Z,SE0000310336,2021-03-25 09:00:29,2021-03-25T08:00:29.907000Z,SEK,XSTO,XSTO,MonetaryAmount,N,12-------PH---,000034174,664.6,77,,,
229,13980,2021-03-25 09:00:29,2021-03-25T08:00:29.907000Z,SE0000310336,2021-03-25 09:00:29,2021-03-25T08:00:29.907000Z,SEK,XSTO,XSTO,MonetaryAmount,N,12-------PH---,000034175,664.6,323,,,
230,13979,2021-03-25 09:00:34,2021-03-25T08:00:34.317000Z,SE0000310336,2021-03-25 09:00:34,2021-03-25T08:00:34.317000Z,SEK,XSTO,XSTO,MonetaryAmount,N,12-------PH---,000034853,665.0,1,,,
231,13978,2021-03-25 09:00:34,2021-03-25T08:00:34.820000Z,SE0000310336,2021-03-25 09:00:34,2021-03-25T08:00:34.820000Z,SEK,XSTO,XSTO,MonetaryAmount,N,12-------PH---,000034949,665.0,54,,,
232,13977,2021-03-25 09:00:34,2021-03-25T08:00:34.820000Z,SE0000310336,2021-03-25 09:00:34,2021-03-25T08:00:34.820000Z,SEK,XSTO,XSTO,MonetaryAmount,N,12-------PH---,000034950,665.0,6,,,
233,13976,2021-03-25 09:00:41,2021-03-25T08:00:41.933000Z,SE0000310336,2021-03-25 09:00:41,2021-03-25T08:00:41.933000Z,SEK,XSTO,XSTO,MonetaryAmount,N,12-------PH---,000036089,665.2,2,,,
234,13975,2021-03-25 09:00:50,2021-03-25T08:00:50.543000Z,SE0000310336,2021-03-25 09:00:50,2021-03-25T08:00:50.543000Z,SEK,XSTO,XSTO,MonetaryAmount,N,12-------PH---,000037103,665.6,4,,,
235,13974,2021-03-25 09:00:50,2021-03-25T08:00:50.560000Z,SE0000310336,2021-03-25 09:00:50,2021-03-25T08:00:50.560000Z,SEK,XSTO,XSTO,MonetaryAmount,N,12-------PH---,000037115,665.6,188,,,
236,13973,2021-03-25 09:00:50,2021-03-25T08:00:50.560000Z,SE0000310336,2021-03-25 09:00:50,2021-03-25T08:00:50.560000Z,SEK,XSTO,XSTO,MonetaryAmount,N,12-------PH---,000037116,665.6,104,,,
237,13972,2021-03-25 09:00:52,2021-03-25T08:00:52.287000Z,SE0000310336,2021-03-25 09:00:52,2021-03-25T08:00:52.287000Z,SEK,XSTO,XSTO,MonetaryAmount,N,12-------P----,000037304,665.8,5,,,
238,13971,2021-03-25 09:00:52,2021-03-25T08:00:52.287000Z,SE0000310336,2021-03-25 09:00:52,2021-03-25T08:00:52.287000Z,SEK,XSTO,XSTO,MonetaryAmount,N,12-------P----,000037305,665.8,33,,,
239,13970,2021-03-25 09:00:54,2021-03-25T08:00:54.367000Z,SE0000310336,2021-03-25 09:00:54,2021-03-25T08:00:54.367000Z,SEK,XSTO,XSTO,MonetaryAmount,N,12-------PH---,000037544,665.6,2,,,
240,13969,2021-03-25 09:00:56,2021-03-25T08:00:56.023000Z,SE0000310336,2021-03-25 09:00:56,2021-03-25T08:00:56.023000Z,SEK,XSTO,XSTO,MonetaryAmount,N,12-------PH---,000037723,665.4,29,,,
241,13968,2021-03-25 09:00:56,2021-03-25T08:00:56.023000Z,SE0000310336,2021-03-25 09:00:56,2021-03-25T08:00:56.023000Z,SEK,XSTO,XSTO,MonetaryAmount,N,12-------PH---,000037724,665.4,43,,,
242,13967,2021-03-25 09:00:56,2021-03-25T08:00:56.040000Z,SE0000310336,2021-03-25 09:00:56,2021-03-25T08:00:56.040000Z,SEK,XSTO,XSTO,MonetaryAmount,N,12-------PH---,000037725,665.4,25,,,
243,13966,2021-03-25 09:01:01,2021-03-25T08:01:01.210000Z,SE0000310336,2021-03-25 09:01:01,2021-03-25T08:01:01.210000Z,SEK,DSTO,XSTO,MonetaryAmount,N,32D---S--PH---,000038996,665.6,50,,,Nordic@Mid trade
244,13965,2021-03-25 09:01:01,2021-03-25T08:01:01.210000Z,SE0000310336,2021-03-25 09:01:01,2021-03-25T08:01:01.210000Z,SEK,XSTO,XSTO,MonetaryAmount,N,12-------PH---,000038997,665.4,7,,,
245,13964,2021-03-25 09:01:03,2021-03-25T08:01:03.320000Z,SE0000310336,2021-03-25 09:01:03,2021-03-25T08:01:03.320000Z,SEK,XSTO,XSTO,MonetaryAmount,N,12-------PH---,000039625,665.4,25,,,
246,13963,2021-03-25 09:01:11,2021-03-25T08:01:11.637000Z,SE0000310336,2021-03-25 09:01:11,2021-03-25T08:01:11.637000Z,SEK,XSTO,XSTO,MonetaryAmount,N,12-------PH---,000041613,665.4,15,,,
247,13962,2021-03-25 09:01:20,2021-03-25T08:01:20.490000Z,SE0000310336,2021-03-25 09:01:20,2021-03-25T08:01:20.490000Z,SEK,DSTO,XSTO,MonetaryAmount,N,32D---S--P----,000042747,665.6,7,,,Nordic@Mid trade
248,13961,2021-03-25 09:01:21,2021-03-25T08:01:21.060000Z,SE0000310336,2021-03-25 09:01:21,2021-03-25T08:01:21.060000Z,SEK,XSTO,XSTO,MonetaryAmount,N,12-------PH---,000042870,665.8,1,,,
249,13960,2021-03-25 09:01:30,2021-03-25T08:01:30.727000Z,SE0000310336,2021-03-25 09:01:30,2021-03-25T08:01:30.727000Z,SEK,XSTO,XSTO,MonetaryAmount,N,12-------PH---,000044017,665.8,1,,,
250,13959,2021-03-25 09:01:38,2021-03-25T08:01:38.780000Z,SE0000310336,2021-03-25 09:01:38,2021-03-25T08:01:38.780000Z,SEK,XSTO,XSTO,MonetaryAmount,N,12-------PH---,000044905,666.0,28,,,
251,13958,2021-03-25 09:01:38,2021-03-25T08:01:38.780000Z,SE0000310336,2021-03-25 09:01:38,2021-03-25T08:01:38.780000Z,SEK,XSTO,XSTO,MonetaryAmount,N,12-------PH---,000044906,666.0,72,,,
252,13957,2021-03-25 09:01:38,2021-03-25T08:01:38.780000Z,SE0000310336,2021-03-25 09:01:38,2021-03-25T08:01:38.780000Z,SEK,XSTO,XSTO,MonetaryAmount,N,12-------PH---,000044907,666.0,39,,,
253,13956,2021-03-25 09:01:38,2021-03-25T08:01:38.780000Z,SE0000310336,2021-03-25 09:01:38,2021-03-25T08:01:38.780000Z,SEK,XSTO,XSTO,MonetaryAmount,N,12-------PH---,000044908,666.0,27,,,
254,13955,2021-03-25 09:01:38,2021-03-25T08:01:38.780000Z,SE0000310336,2021-03-25 09:01:38,2021-03-25T08:01:38.780000Z,SEK,XSTO,XSTO,MonetaryAmount,N,12-------PH---,000044909,666.0,5,,,
255,13954,2021-03-25 09:01:38,2021-03-25T08:01:38.780000Z,SE0000310336,2021-03-25 09:01:38,2021-03-25T08:01:38.780000Z,SEK,XSTO,XSTO,MonetaryAmount,N,12-------PH---,000044910,666.2,52,,,
256,13953,2021-03-25 09:01:38,2021-03-25T08:01:38.847000Z,SE0000310336,2021-03-25 09:01:38,2021-03-25T08:01:38.850000Z,SEK,XSTO,XSTO,MonetaryAmount,N,12-------PH---,000044925,666.2,17,,,
257,13952,2021-03-25 09:01:39,2021-03-25T08:01:39.913000Z,SE0000310336,2021-03-25 09:01:39,2021-03-25T08:01:39.913000Z,SEK,XSTO,XSTO,MonetaryAmount,N,12-------PH---,000045009,666.4,2,,,
258,13951,2021-03-25 09:01:41,2021-03-25T08:01:41.507000Z,SE0000310336,2021-03-25 09:01:41,2021-03-25T08:01:41.507000Z,SEK,DSTO,XSTO,MonetaryAmount,N,32D---S--P----,000045242,666.7,19,,,Nordic@Mid trade
259,13950,2021-03-25 09:01:49,2021-03-25T08:01:49.257000Z,SE0000310336,2021-03-25 09:01:49,2021-03-25T08:01:49.257000Z,SEK,XSTO,XSTO,MonetaryAmount,N,12-------PH---,000046180,666.8,59,,,
260,13949,2021-03-25 09:01:49,2021-03-25T08:01:49.613000Z,SE0000310336,2021-03-25 09:01:49,2021-03-25T08:01:49.613000Z,SEK,XSTO,XSTO,MonetaryAmount,N,12-------PH---,000046234,666.8,34,,,
261,13948,2021-03-25 09:01:49,2021-03-25T08:01:49.827000Z,SE0000310336,2021-03-25 09:01:49,2021-03-25T08:01:49.827000Z,SEK,XSTO,XSTO,MonetaryAmount,N,12-------PH---,000046260,667.0,4,,,
262,13947,2021-03-25 09:01:49,2021-03-25T08:01:49.827000Z,SE0000310336,2021-03-25 09:01:49,2021-03-25T08:01:49.827000Z,SEK,XSTO,XSTO,MonetaryAmount,N,12-------PH---,000046261,667.0,86,,,
263,13946,2021-03-25 09:01:49,2021-03-25T08:01:49.827000Z,SE0000310336,2021-03-25 09:01:49,2021-03-25T08:01:49.827000Z,SEK,XSTO,XSTO,MonetaryAmount,N,12-------PH---,000046262,667.0,28,,,
264,13945,2021-03-25 09:01:50,2021-03-25T08:01:50.510000Z,SE0000310336,2021-03-25 09:01:50,2021-03-25T08:01:50.510000Z,SEK,DSTO,XSTO,MonetaryAmount,N,32D---S--P----,000046345,667.0,64,,,Nordic@Mid trade
265,13944,2021-03-25 09:01:55,2021-03-25T08:01:55.040000Z,SE0000310336,2021-03-25 09:01:55,2021-03-25T08:01:55.040000Z,SEK,XSTO,XSTO,MonetaryAmount,N,12-------PH---,000046772,667.0,2,,,
266,13943,2021-03-25 09:01:55,2021-03-25T08:01:55.040000Z,SE0000310336,2021-03-25 09:01:55,2021-03-25T08:01:55.040000Z,SEK,XSTO,XSTO,MonetaryAmount,N,12-------PH---,000046773,667.0,48,,,
267,13942,2021-03-25 09:01:56,2021-03-25T08:01:56.750000Z,SE0000310336,2021-03-25 09:01:56,2021-03-25T08:01:56.750000Z,SEK,XSTO,XSTO,MonetaryAmount,N,12-------PH---,000046942,666.8,37,,,
268,13941,2021-03-25 09:01:56,2021-03-25T08:01:56.750000Z,SE0000310336,2021-03-25 09:01:56,2021-03-25T08:01:56.750000Z,SEK,XSTO,XSTO,MonetaryAmount,N,12-------PH---,000046943,666.8,113,,,
269,13940,2021-03-25 09:01:56,2021-03-25T08:01:56.750000Z,SE0000310336,2021-03-25 09:01:56,2021-03-25T08:01:56.750000Z,SEK,XSTO,XSTO,MonetaryAmount,N,12-------PH---,000046944,666.8,29,,,
270,13939,2021-03-25 09:01:56,2021-03-25T08:01:56.750000Z,SE0000310336,2021-03-25 09:01:56,2021-03-25T08:01:56.750000Z,SEK,XSTO,XSTO,MonetaryAmount,N,12-------PH---,000046945,666.8,105,,,
271,13938,2021-03-25 09:01:56,2021-03-25T08:01:56.750000Z,SE0000310336,2021-03-25 09:01:56,2021-03-25T08:01:56.750000Z,SEK,XSTO,XSTO,MonetaryAmount,N,12-------PH---,000046946,666.8,3,,,
272,13937,2021-03-25 09:01:56,2021-03-25T08:01:56.750000Z,SE0000310336,2021-03-25 09:01:56,2021-03-25T08:01:56.750000Z,SEK,XSTO,XSTO,MonetaryAmount,N,12-------PH---,000046947,666.6,71,,,
273,13936,2021-03-25 09:02:04,2021-03-25T08:02:04.333000Z,SE0000310336,2021-03-25 09:02:04,2021-03-25T08:02:04.333000Z,SEK,XSTO,XSTO,MonetaryAmount,N,12-------PH---,000047765,666.8,145,,,
274,13935,2021-03-25 09:02:10,2021-03-25T08:02:10.530000Z,SE0000310336,2021-03-25 09:02:10,2021-03-25T08:02:10.530000Z,SEK,DSTO,XSTO,MonetaryAmount,N,32D---S--P----,000048412,666.7,64,,,Nordic@Mid trade
275,13934,2021-03-25 09:02:11,2021-03-25T08:02:11.857000Z,SE0000310336,2021-03-25 09:02:11,2021-03-25T08:02:11.857000Z,SEK,XSTO,XSTO,MonetaryAmount,N,12-------PH---,000048553,666.6,25,,,
276,13933,2021-03-25 09:02:11,2021-03-25T08:02:11.857000Z,SE0000310336,2021-03-25 09:02:11,2021-03-25T08:02:11.857000Z,SEK,XSTO,XSTO,MonetaryAmount,N,12-------PH---,000048554,666.6,47,,,
277,13932,2021-03-25 09:02:13,2021-03-25T08:02:13.313000Z,SE0000310336,2021-03-25 09:02:13,2021-03-25T08:02:13.313000Z,SEK,XSTO,XSTO,MonetaryAmount,N,12-------PH---,000048731,666.8,1,,,
278,13931,2021-03-25 09:02:15,2021-03-25T08:02:15.780000Z,SE0000310336,2021-03-25 09:02:15,2021-03-25T08:02:15.780000Z,SEK,XSTO,XSTO,MonetaryAmount,N,12-------PH---,000048948,666.4,38,,,
279,13930,2021-03-25 09:02:16,2021-03-25T08:02:16.390000Z,SE0000310336,2021-03-25 09:02:16,2021-03-25T08:02:16.390000Z,SEK,XSTO,XSTO,MonetaryAmount,N,12-------PH---,000048984,666.4,2,,,
280,13929,2021-03-25 09:02:17,2021-03-25T08:02:17.517000Z,SE0000310336,2021-03-25 09:02:17,2021-03-25T08:02:17.517000Z,SEK,XSTO,XSTO,MonetaryAmount,N,12-------PH---,000049112,666.4,1,,,
281,13928,2021-03-25 09:02:17,2021-03-25T08:02:17.517000Z,SE0000310336,2021-03-25 09:02:17,2021-03-25T08:02:17.517000Z,SEK,XSTO,XSTO,MonetaryAmount,N,12-------PH---,000049113,666.4,29,,,
282,13927,2021-03-25 09:02:17,2021-03-25T08:02:17.517000Z,SE0000310336,2021-03-25 09:02:17,2021-03-25T08:02:17.517000Z,SEK,XSTO,XSTO,MonetaryAmount,N,12-------PH---,000049114,666.4,57,,,
283,13926,2021-03-25 09:02:17,2021-03-25T08:02:17.517000Z,SE0000310336,2021-03-25 09:02:17,2021-03-25T08:02:17.517000Z,SEK,XSTO,XSTO,MonetaryAmount,N,12-------PH---,000049115,666.4,90,,,
284,13925,2021-03-25 09:02:20,2021-03-25T08:02:20.527000Z,SE0000310336,2021-03-25 09:02:20,2021-03-25T08:02:20.527000Z,SEK,DSTO,XSTO,MonetaryAmount,N,32D---S--P----,000049445,666.6,5,,,Nordic@Mid trade
285,13924,2021-03-25 09:02:26,2021-03-25T08:02:26.230000Z,SE0000310336,2021-03-25 09:02:26,2021-03-25T08:02:26.230000Z,SEK,XSTO,XSTO,MonetaryAmount,N,12-------PH---,000049982,666.8,2,,,
286,13923,2021-03-25 09:02:26,2021-03-25T08:02:26.247000Z,SE0000310336,2021-03-25 09:02:26,2021-03-25T08:02:26.247000Z,SEK,XSTO,XSTO,MonetaryAmount,N,12-------PH---,000049986,666.8,24,,,
287,13922,2021-03-25 09:02:32,2021-03-25T08:02:32.527000Z,SE0000310336,2021-03-25 09:02:32,2021-03-25T08:02:32.527000Z,SEK,XSTO,XSTO,MonetaryAmount,N,12-------PH---,000050545,666.8,1,,,
288,13921,2021-03-25 09:02:34,2021-03-25T08:02:34.567000Z,SE0000310336,2021-03-25 09:02:34,2021-03-25T08:02:34.567000Z,SEK,XSTO,XSTO,MonetaryAmount,N,12-------P----,000050709,667.0,39,,,
289,13920,2021-03-25 09:02:34,2021-03-25T08:02:34.567000Z,SE0000310336,2021-03-25 09:02:34,2021-03-25T08:02:34.567000Z,SEK,XSTO,XSTO,MonetaryAmount,N,12-------P----,000050710,667.0,4,,,
290,13919,2021-03-25 09:02:41,2021-03-25T08:02:41.203000Z,SE0000310336,2021-03-25 09:02:41,2021-03-25T08:02:41.203000Z,SEK,DSTO,XSTO,MonetaryAmount,N,32D---S--PH---,000051277,667.1,13,,,Nordic@Mid trade
291,13918,2021-03-25 09:02:41,2021-03-25T08:02:41.203000Z,SE0000310336,2021-03-25 09:02:41,2021-03-25T08:02:41.203000Z,SEK,XSTO,XSTO,MonetaryAmount,N,12-------PH---,000051278,667.0,90,,,
292,13917,2021-03-25 09:02:41,2021-03-25T08:02:41.227000Z,SE0000310336,2021-03-25 09:02:41,2021-03-25T08:02:41.227000Z,SEK,XSTO,XSTO,MonetaryAmount,N,12-------PH---,000051283,666.8,3,,,
293,13916,2021-03-25 09:02:41,2021-03-25T08:02:41.227000Z,SE0000310336,2021-03-25 09:02:41,2021-03-25T08:02:41.227000Z,SEK,XSTO,XSTO,MonetaryAmount,N,12-------PH---,000051284,666.8,46,,,
294,13915,2021-03-25 09:02:41,2021-03-25T08:02:41.227000Z,SE0000310336,2021-03-25 09:02:41,2021-03-25T08:02:41.227000Z,SEK,XSTO,XSTO,MonetaryAmount,N,12-------PH---,000051285,666.8,2,,,
295,13914,2021-03-25 09:02:41,2021-03-25T08:02:41.227000Z,SE0000310336,2021-03-25 09:02:41,2021-03-25T08:02:41.227000Z,SEK,XSTO,XSTO,MonetaryAmount,N,12-------PH---,000051286,666.8,21,,,
296,13913,2021-03-25 09:02:41,2021-03-25T08:02:41.227000Z,SE0000310336,2021-03-25 09:02:41,2021-03-25T08:02:41.227000Z,SEK,XSTO,XSTO,MonetaryAmount,N,12-------PH---,000051287,666.8,4,,,
297,13912,2021-03-25 09:02:41,2021-03-25T08:02:41.227000Z,SE0000310336,2021-03-25 09:02:41,2021-03-25T08:02:41.227000Z,SEK,XSTO,XSTO,MonetaryAmount,N,12-------PH---,000051288,666.8,38,,,
298,13911,2021-03-25 09:02:47,2021-03-25T08:02:47.417000Z,SE0000310336,2021-03-25 09:02:47,2021-03-25T08:02:47.417000Z,SEK,XSTO,XSTO,MonetaryAmount,N,12-------P----,000051819,667.2,38,,,
299,13910,2021-03-25 09:02:51,2021-03-25T08:02:51.137000Z,SE0000310336,2021-03-25 09:02:51,2021-03-25T08:02:51.137000Z,SEK,XSTO,XSTO,MonetaryAmount,N,12-------PH---,000052198,667.2,33,,,
300,13909,2021-03-25 09:02:51,2021-03-25T08:02:51.137000Z,SE0000310336,2021-03-25 09:02:51,2021-03-25T08:02:51.137000Z,SEK,XSTO,XSTO,MonetaryAmount,N,12-------PH---,000052199,667.0,7,,,
301,13908,2021-03-25 09:02:51,2021-03-25T08:02:51.137000Z,SE0000310336,2021-03-25 09:02:51,2021-03-25T08:02:51.137000Z,SEK,XSTO,XSTO,MonetaryAmount,N,12-------PH---,000052200,667.0,60,,,
302,13907,2021-03-25 09:02:51,2021-03-25T08:02:51.137000Z,SE0000310336,2021-03-25 09:02:51,2021-03-25T08:02:51.137000Z,SEK,XSTO,XSTO,MonetaryAmount,N,12-------PH---,000052201,667.0,55,,,
303,13906,2021-03-25 09:02:51,2021-03-25T08:02:51.167000Z,SE0000310336,2021-03-25 09:02:51,2021-03-25T08:02:51.167000Z,SEK,XSTO,XSTO,MonetaryAmount,N,12-------PH---,000052211,666.8,7,,,
304,13905,2021-03-25 09:02:51,2021-03-25T08:02:51.180000Z,SE0000310336,2021-03-25 09:02:51,2021-03-25T08:02:51.180000Z,SEK,XSTO,XSTO,MonetaryAmount,N,12-------PH---,000052218,667.0,46,,,
305,13904,2021-03-25 09:02:51,2021-03-25T08:02:51.220000Z,SE0000310336,2021-03-25 09:02:51,2021-03-25T08:02:51.220000Z,SEK,XSTO,XSTO,MonetaryAmount,N,12-------PH---,000052222,667.0,90,,,
306,13903,2021-03-25 09:02:51,2021-03-25T08:02:51.750000Z,SE0000310336,2021-03-25 09:02:51,2021-03-25T08:02:51.750000Z,SEK,XSTO,XSTO,MonetaryAmount,N,12-------PH---,000052297,667.0,1,,,
307,13902,2021-03-25 09:02:57,2021-03-25T08:02:57.307000Z,SE0000310336,2021-03-25 09:02:57,2021-03-25T08:02:57.307000Z,SEK,XSTO,XSTO,MonetaryAmount,N,12-------PH---,000052819,666.8,154,,,
308,13901,2021-03-25 09:02:57,2021-03-25T08:02:57.307000Z,SE0000310336,2021-03-25 09:02:57,2021-03-25T08:02:57.307000Z,SEK,XSTO,XSTO,MonetaryAmount,N,12-------PH---,000052820,666.8,46,,,
309,13900,2021-03-25 09:02:57,2021-03-25T08:02:57.307000Z,SE0000310336,2021-03-25 09:02:57,2021-03-25T08:02:57.307000Z,SEK,XSTO,XSTO,MonetaryAmount,N,12-------PH---,000052821,666.8,34,,,
310,13899,2021-03-25 09:02:57,2021-03-25T08:02:57.780000Z,SE0000310336,2021-03-25 09:02:57,2021-03-25T08:02:57.780000Z,SEK,XSTO,XSTO,MonetaryAmount,N,12-------PH---,000052847,667.0,1,,,
311,13898,2021-03-25 09:02:57,2021-03-25T08:02:57.780000Z,SE0000310336,2021-03-25 09:02:57,2021-03-25T08:02:57.780000Z,SEK,XSTO,XSTO,MonetaryAmount,N,12-------PH---,000052848,667.0,44,,,
312,13897,2021-03-25 09:02:57,2021-03-25T08:02:57.780000Z,SE0000310336,2021-03-25 09:02:57,2021-03-25T08:02:57.780000Z,SEK,XSTO,XSTO,MonetaryAmount,N,12-------PH---,000052849,667.0,5,,,
313,13896,2021-03-25 09:02:58,2021-03-25T08:02:58.050000Z,SE0000310336,2021-03-25 09:02:58,2021-03-25T08:02:58.050000Z,SEK,XSTO,XSTO,MonetaryAmount,N,12-------PH---,000052871,667.2,1,,,
314,13895,2021-03-25 09:03:01,2021-03-25T08:03:01.487000Z,SE0000310336,2021-03-25 09:03:01,2021-03-25T08:03:01.487000Z,SEK,XSTO,XSTO,MonetaryAmount,N,12-------PH---,000053364,667.0,90,,,
315,13894,2021-03-25 09:03:01,2021-03-25T08:03:01.717000Z,SE0000310336,2021-03-25 09:03:01,2021-03-25T08:03:01.717000Z,SEK,XSTO,XSTO,MonetaryAmount,N,12-------PH---,000053423,667.0,19,,,
316,13893,2021-03-25 09:03:03,2021-03-25T08:03:03.027000Z,SE0000310336,2021-03-25 09:03:03,2021-03-25T08:03:03.027000Z,SEK,XSTO,XSTO,MonetaryAmount,N,12-------PH---,000053727,667.0,2,,,
317,13892,2021-03-25 09:03:03,2021-03-25T08:03:03.027000Z,SE0000310336,2021-03-25 09:03:03,2021-03-25T08:03:03.027000Z,SEK,XSTO,XSTO,MonetaryAmount,N,12-------PH---,000053728,667.0,7,,,
318,13891,2021-03-25 09:03:04,2021-03-25T08:03:04.877000Z,SE0000310336,2021-03-25 09:03:04,2021-03-25T08:03:04.877000Z,SEK,XSTO,XSTO,MonetaryAmount,N,12-------PH---,000054084,667.2,36,,,
319,13890,2021-03-25 09:03:04,2021-03-25T08:03:04.877000Z,SE0000310336,2021-03-25 09:03:04,2021-03-25T08:03:04.877000Z,SEK,XSTO,XSTO,MonetaryAmount,N,12-------PH---,000054085,667.2,115,,,
320,13889,2021-03-25 09:03:07,2021-03-25T08:03:07.757000Z,SE0000310336,2021-03-25 09:03:07,2021-03-25T08:03:07.757000Z,SEK,XSTO,XSTO,MonetaryAmount,N,45-3-----PH---,F050069719,667.2,10,,,Standard Routed Trade
321,13888,2021-03-25 09:03:08,2021-03-25T08:03:08.330000Z,SE0000310336,2021-03-25 09:03:08,2021-03-25T08:03:08.330000Z,SEK,XSTO,XSTO,MonetaryAmount,N,12-------P----,000054501,667.2,76,,,
322,13887,2021-03-25 09:03:08,2021-03-25T08:03:08.330000Z,SE0000310336,2021-03-25 09:03:08,2021-03-25T08:03:08.330000Z,SEK,XSTO,XSTO,MonetaryAmount,N,12-------PH---,000054502,667.2,21,,,
323,13886,2021-03-25 09:03:08,2021-03-25T08:03:08.330000Z,SE0000310336,2021-03-25 09:03:08,2021-03-25T08:03:08.330000Z,SEK,XSTO,XSTO,MonetaryAmount,N,12-------PH---,000054503,667.2,14,,,
324,13885,2021-03-25 09:03:11,2021-03-25T08:03:11.243000Z,SE0000310336,2021-03-25 09:03:11,2021-03-25T08:03:11.243000Z,SEK,XSTO,XSTO,MonetaryAmount,N,12-------PH---,000054830,667.0,34,,,
325,13884,2021-03-25 09:03:11,2021-03-25T08:03:11.243000Z,SE0000310336,2021-03-25 09:03:11,2021-03-25T08:03:11.243000Z,SEK,XSTO,XSTO,MonetaryAmount,N,12-------PH---,000054831,667.0,107,,,
326,13883,2021-03-25 09:03:17,2021-03-25T08:03:17.783000Z,SE0000310336,2021-03-25 09:03:17,2021-03-25T08:03:17.783000Z,SEK,XSTO,XSTO,MonetaryAmount,N,12-------PH---,000055489,667.0,90,,,
327,13882,2021-03-25 09:03:17,2021-03-25T08:03:17.783000Z,SE0000310336,2021-03-25 09:03:17,2021-03-25T08:03:17.783000Z,SEK,XSTO,XSTO,MonetaryAmount,N,12-------PH---,000055490,666.8,50,,,
328,13881,2021-03-25 09:03:17,2021-03-25T08:03:17.783000Z,SE0000310336,2021-03-25 09:03:17,2021-03-25T08:03:17.783000Z,SEK,XSTO,XSTO,MonetaryAmount,N,12-------PH---,000055491,666.8,43,,,
329,13880,2021-03-25 09:03:17,2021-03-25T08:03:17.783000Z,SE0000310336,2021-03-25 09:03:17,2021-03-25T08:03:17.783000Z,SEK,XSTO,XSTO,MonetaryAmount,N,12-------PH---,000055492,666.8,34,,,
330,13879,2021-03-25 09:03:20,2021-03-25T08:03:20.207000Z,SE0000310336,2021-03-25 09:03:20,2021-03-25T08:03:20.207000Z,SEK,XSTO,XSTO,MonetaryAmount,N,12-------PH---,000055816,666.8,4,,,
331,13878,2021-03-25 09:03:20,2021-03-25T08:03:20.933000Z,SE0000310336,2021-03-25 09:03:20,2021-03-25T08:03:20.933000Z,SEK,XSTO,XSTO,MonetaryAmount,N,12-------PH---,000055935,666.8,8,,,
332,13877,2021-03-25 09:03:20,2021-03-25T08:03:20.933000Z,SE0000310336,2021-03-25 09:03:20,2021-03-25T08:03:20.933000Z,SEK,XSTO,XSTO,MonetaryAmount,N,12-------PH---,000055936,666.8,55,,,
333,13876,2021-03-25 09:03:20,2021-03-25T08:03:20.933000Z,SE0000310336,2021-03-25 09:03:20,2021-03-25T08:03:20.933000Z,SEK,XSTO,XSTO,MonetaryAmount,N,12-------PH---,000055937,666.8,7,,,
334,13875,2021-03-25 09:03:23,2021-03-25T08:03:23.337000Z,SE0000310336,2021-03-25 09:03:23,2021-03-25T08:03:23.337000Z,SEK,XSTO,XSTO,MonetaryAmount,N,12-------PH---,000056164,666.8,74,,,
335,13874,2021-03-25 09:03:23,2021-03-25T08:03:23.337000Z,SE0000310336,2021-03-25 09:03:23,2021-03-25T08:03:23.337000Z,SEK,XSTO,XSTO,MonetaryAmount,N,12-------PH---,000056165,666.8,16,,,
336,13873,2021-03-25 09:03:28,2021-03-25T08:03:28.957000Z,SE0000310336,2021-03-25 09:03:28,2021-03-25T08:03:28.957000Z,SEK,XSTO,XSTO,MonetaryAmount,N,12-------PH---,000056722,666.8,25,,,
337,13872,2021-03-25 09:03:28,2021-03-25T08:03:28.957000Z,SE0000310336,2021-03-25 09:03:28,2021-03-25T08:03:28.957000Z,SEK,XSTO,XSTO,MonetaryAmount,N,12-------PH---,000056723,666.8,7,,,
338,13871,2021-03-25 09:03:30,2021-03-25T08:03:30.603000Z,SE0000310336,2021-03-25 09:03:30,2021-03-25T08:03:30.603000Z,SEK,DSTO,XSTO,MonetaryAmount,N,32D---S--PH---,000057034,666.5,50,,,Nordic@Mid trade
339,13870,2021-03-25 09:03:30,2021-03-25T08:03:30.603000Z,SE0000310336,2021-03-25 09:03:30,2021-03-25T08:03:30.603000Z,SEK,XSTO,XSTO,MonetaryAmount,N,12-------PH---,000057035,666.2,93,,,
340,13869,2021-03-25 09:03:30,2021-03-25T08:03:30.603000Z,SE0000310336,2021-03-25 09:03:30,2021-03-25T08:03:30.603000Z,SEK,XSTO,XSTO,MonetaryAmount,N,12-------PH---,000057036,666.2,67,,,
341,13868,2021-03-25 09:03:34,2021-03-25T08:03:34.723000Z,SE0000310336,2021-03-25 09:03:34,2021-03-25T08:03:34.723000Z,SEK,XSTO,XSTO,MonetaryAmount,N,12-------PH---,000057482,666.4,1,,,
342,13867,2021-03-25 09:03:34,2021-03-25T08:03:34.917000Z,SE0000310336,2021-03-25 09:03:34,2021-03-25T08:03:34.917000Z,SEK,XSTO,XSTO,MonetaryAmount,N,12-------PH---,000057517,666.4,89,,,
343,13866,2021-03-25 09:03:42,2021-03-25T08:03:42.367000Z,SE0000310336,2021-03-25 09:03:42,2021-03-25T08:03:42.367000Z,SEK,XSTO,XSTO,MonetaryAmount,N,12-------PH---,000058232,666.4,4,,,
344,13865,2021-03-25 09:03:42,2021-03-25T08:03:42.367000Z,SE0000310336,2021-03-25 09:03:42,2021-03-25T08:03:42.367000Z,SEK,XSTO,XSTO,MonetaryAmount,N,12-------PH---,000058233,666.4,124,,,
345,13864,2021-03-25 09:03:43,2021-03-25T08:03:43.027000Z,SE0000310336,2021-03-25 09:03:43,2021-03-25T08:03:43.027000Z,SEK,XSTO,XSTO,MonetaryAmount,N,12-------PH---,000058300,666.6,1,,,
346,13863,2021-03-25 09:03:43,2021-03-25T08:03:43.027000Z,SE0000310336,2021-03-25 09:03:43,2021-03-25T08:03:43.027000Z,SEK,XSTO,XSTO,MonetaryAmount,N,12-------PH---,000058301,666.6,23,,,
347,13862,2021-03-25 09:03:47,2021-03-25T08:03:47.423000Z,SE0000310336,2021-03-25 09:03:47,2021-03-25T08:03:47.423000Z,SEK,XSTO,XSTO,MonetaryAmount,N,12-------PH---,000058669,666.8,200,,,
348,13861,2021-03-25 09:03:55,2021-03-25T08:03:55.900000Z,SE0000310336,2021-03-25 09:03:55,2021-03-25T08:03:55.900000Z,SEK,DSTO,XSTO,MonetaryAmount,N,32D---S--PH---,000059431,667.0,50,,,Nordic@Mid trade
349,13860,2021-03-25 09:03:55,2021-03-25T08:03:55.900000Z,SE0000310336,2021-03-25 09:03:55,2021-03-25T08:03:55.900000Z,SEK,XSTO,XSTO,MonetaryAmount,N,12-------PH---,000059432,666.8,5,,,
350,13859,2021-03-25 09:03:55,2021-03-25T08:03:55.900000Z,SE0000310336,2021-03-25 09:03:55,2021-03-25T08:03:55.900000Z,SEK,XSTO,XSTO,MonetaryAmount,N,12-------PH---,000059433,666.8,50,,,
351,13858,2021-03-25 09:03:55,2021-03-25T08:03:55.900000Z,SE0000310336,2021-03-25 09:03:55,2021-03-25T08:03:55.900000Z,SEK,XSTO,XSTO,MonetaryAmount,N,12-------PH---,000059434,666.8,38,,,
352,13857,2021-03-25 09:03:55,2021-03-25T08:03:55.900000Z,SE0000310336,2021-03-25 09:03:55,2021-03-25T08:03:55.900000Z,SEK,XSTO,XSTO,MonetaryAmount,N,12-------PH---,000059435,666.8,33,,,
353,13856,2021-03-25 09:03:55,2021-03-25T08:03:55.900000Z,SE0000310336,2021-03-25 09:03:55,2021-03-25T08:03:55.900000Z,SEK,XSTO,XSTO,MonetaryAmount,N,12-------PH---,000059436,666.8,37,,,
354,13855,2021-03-25 09:03:55,2021-03-25T08:03:55.920000Z,SE0000310336,2021-03-25 09:03:55,2021-03-25T08:03:55.920000Z,SEK,XSTO,XSTO,MonetaryAmount,N,12-------PH---,000059437,667.0,64,,,
355,13854,2021-03-25 09:04:05,2021-03-25T08:04:05.343000Z,SE0000310336,2021-03-25 09:04:05,2021-03-25T08:04:05.343000Z,SEK,XSTO,XSTO,MonetaryAmount,N,12-------P----,000060316,666.8,32,,,
356,13853,2021-03-25 09:04:05,2021-03-25T08:04:05.343000Z,SE0000310336,2021-03-25 09:04:05,2021-03-25T08:04:05.343000Z,SEK,XSTO,XSTO,MonetaryAmount,N,12-------PH---,000060317,666.8,36,,,
357,13852,2021-03-25 09:04:05,2021-03-25T08:04:05.903000Z,SE0000310336,2021-03-25 09:04:05,2021-03-25T08:04:05.903000Z,SEK,XSTO,XSTO,MonetaryAmount,N,45-3-----PH---,F050076769,666.8,2,,,Standard Routed Trade
358,13851,2021-03-25 09:04:13,2021-03-25T08:04:13.643000Z,SE0000310336,2021-03-25 09:04:13,2021-03-25T08:04:13.643000Z,SEK,XSTO,XSTO,MonetaryAmount,N,12-------PH---,000061022,666.6,1,,,
359,13850,2021-03-25 09:04:13,2021-03-25T08:04:13.643000Z,SE0000310336,2021-03-25 09:04:13,2021-03-25T08:04:13.643000Z,SEK,XSTO,XSTO,MonetaryAmount,N,12-------PH---,000061023,666.6,6,,,
360,13849,2021-03-25 09:04:13,2021-03-25T08:04:13.643000Z,SE0000310336,2021-03-25 09:04:13,2021-03-25T08:04:13.643000Z,SEK,XSTO,XSTO,MonetaryAmount,N,12-------PH---,000061024,666.6,1,,,
361,13848,2021-03-25 09:04:13,2021-03-25T08:04:13.643000Z,SE0000310336,2021-03-25 09:04:13,2021-03-25T08:04:13.643000Z,SEK,XSTO,XSTO,MonetaryAmount,N,12-------PH---,000061025,666.6,26,,,
362,13847,2021-03-25 09:04:15,2021-03-25T08:04:15.423000Z,SE0000310336,2021-03-25 09:04:15,2021-03-25T08:04:15.423000Z,SEK,XSTO,XSTO,MonetaryAmount,N,12-------PH---,000061188,667.0,1,,,
363,13846,2021-03-25 09:04:15,2021-03-25T08:04:15.473000Z,SE0000310336,2021-03-25 09:04:15,2021-03-25T08:04:15.473000Z,SEK,XSTO,XSTO,MonetaryAmount,N,12-------PH---,000061213,667.0,111,,,
364,13845,2021-03-25 09:04:15,2021-03-25T08:04:15.473000Z,SE0000310336,2021-03-25 09:04:15,2021-03-25T08:04:15.473000Z,SEK,XSTO,XSTO,MonetaryAmount,N,12-------PH---,000061214,667.0,6,,,
365,13844,2021-03-25 09:04:27,2021-03-25T08:04:27.507000Z,SE0000310336,2021-03-25 09:04:27,2021-03-25T08:04:27.507000Z,SEK,DSTO,XSTO,MonetaryAmount,N,32D---S--PH---,000062323,667.3,50,,,Nordic@Mid trade
366,13843,2021-03-25 09:04:27,2021-03-25T08:04:27.897000Z,SE0000310336,2021-03-25 09:04:27,2021-03-25T08:04:27.897000Z,SEK,MSTO,XSTO,MonetaryAmount,N,5U-------PH---,000062345,667.3,50,,,Auction On Demand
367,13842,2021-03-25 09:04:27,2021-03-25T08:04:27.897000Z,SE0000310336,2021-03-25 09:04:27,2021-03-25T08:04:27.900000Z,SEK,MSTO,XSTO,MonetaryAmount,N,5U-------PH---,000062346,667.3,32,,,Auction On Demand
368,13841,2021-03-25 09:04:29,2021-03-25T08:04:29.823000Z,SE0000310336,2021-03-25 09:04:29,2021-03-25T08:04:29.823000Z,SEK,XSTO,XSTO,MonetaryAmount,N,12-------PH---,000062499,667.4,15,,,
369,13840,2021-03-25 09:04:39,2021-03-25T08:04:39.190000Z,SE0000310336,2021-03-25 09:04:39,2021-03-25T08:04:39.190000Z,SEK,XSTO,XSTO,MonetaryAmount,N,12-------PH---,000063467,667.4,33,,,
370,13839,2021-03-25 09:04:42,2021-03-25T08:04:42.777000Z,SE0000310336,2021-03-25 09:04:42,2021-03-25T08:04:42.777000Z,SEK,XSTO,XSTO,MonetaryAmount,N,12-------PH---,000063769,667.4,65,,,
371,13838,2021-03-25 09:04:42,2021-03-25T08:04:42.777000Z,SE0000310336,2021-03-25 09:04:42,2021-03-25T08:04:42.777000Z,SEK,XSTO,XSTO,MonetaryAmount,N,12-------PH---,000063770,667.4,24,,,
372,13837,2021-03-25 09:04:47,2021-03-25T08:04:47.397000Z,SE0000310336,2021-03-25 09:04:47,2021-03-25T08:04:47.397000Z,SEK,DSTO,XSTO,MonetaryAmount,N,32D---S--PH---,000064213,667.6,32,,,Nordic@Mid trade
373,13836,2021-03-25 09:04:55,2021-03-25T08:04:55.460000Z,SE0000310336,2021-03-25 09:04:55,2021-03-25T08:04:55.460000Z,SEK,XSTO,XSTO,MonetaryAmount,N,12-------PH---,000064791,667.8,82,,,
374,13835,2021-03-25 09:04:55,2021-03-25T08:04:55.460000Z,SE0000310336,2021-03-25 09:04:55,2021-03-25T08:04:55.460000Z,SEK,XSTO,XSTO,MonetaryAmount,N,12-------PH---,000064792,667.8,8,,,
375,13834,2021-03-25 09:04:55,2021-03-25T08:04:55.460000Z,SE0000310336,2021-03-25 09:04:55,2021-03-25T08:04:55.460000Z,SEK,XSTO,XSTO,MonetaryAmount,N,12-------PH---,000064793,667.8,111,,,
376,13833,2021-03-25 09:04:56,2021-03-25T08:04:56.030000Z,SE0000310336,2021-03-25 09:04:56,2021-03-25T08:04:56.030000Z,SEK,XSTO,XSTO,MonetaryAmount,N,12-------PH---,000064840,667.8,84,,,
377,13832,2021-03-25 09:04:57,2021-03-25T08:04:57.300000Z,SE0000310336,2021-03-25 09:04:57,2021-03-25T08:04:57.300000Z,SEK,XSTO,XSTO,MonetaryAmount,N,12-------PH---,000064975,667.8,6,,,
378,13831,2021-03-25 09:04:57,2021-03-25T08:04:57.300000Z,SE0000310336,2021-03-25 09:04:57,2021-03-25T08:04:57.300000Z,SEK,XSTO,XSTO,MonetaryAmount,N,12-------PH---,000064976,667.8,15,,,
379,13830,2021-03-25 09:04:57,2021-03-25T08:04:57.300000Z,SE0000310336,2021-03-25 09:04:57,2021-03-25T08:04:57.300000Z,SEK,XSTO,XSTO,MonetaryAmount,N,12-------PH---,000064977,667.8,54,,,
380,13829,2021-03-25 09:04:57,2021-03-25T08:04:57.343000Z,SE0000310336,2021-03-25 09:04:57,2021-03-25T08:04:57.343000Z,SEK,XSTO,XSTO,MonetaryAmount,N,12-------PH---,000064989,667.8,59,,,
381,13828,2021-03-25 09:04:57,2021-03-25T08:04:57.383000Z,SE0000310336,2021-03-25 09:04:57,2021-03-25T08:04:57.383000Z,SEK,XSTO,XSTO,MonetaryAmount,N,12-------PH---,000064995,667.8,31,,,
382,13827,2021-03-25 09:04:57,2021-03-25T08:04:57.383000Z,SE0000310336,2021-03-25 09:04:57,2021-03-25T08:04:57.383000Z,SEK,XSTO,XSTO,MonetaryAmount,N,12-------P----,000064996,667.8,22,,,
383,13826,2021-03-25 09:04:57,2021-03-25T08:04:57.383000Z,SE0000310336,2021-03-25 09:04:57,2021-03-25T08:04:57.383000Z,SEK,XSTO,XSTO,MonetaryAmount,N,12-------PH---,000064997,667.8,89,,,
384,13825,2021-03-25 09:04:58,2021-03-25T08:04:58.897000Z,SE0000310336,2021-03-25 09:04:58,2021-03-25T08:04:58.897000Z,SEK,XSTO,XSTO,MonetaryAmount,N,12-------PH---,000065171,668.0,32,,,
385,13824,2021-03-25 09:04:58,2021-03-25T08:04:58.897000Z,SE0000310336,2021-03-25 09:04:58,2021-03-25T08:04:58.900000Z,SEK,XSTO,XSTO,MonetaryAmount,N,12-------PH---,000065172,668.0,44,,,
386,13823,2021-03-25 09:04:58,2021-03-25T08:04:58.897000Z,SE0000310336,2021-03-25 09:04:58,2021-03-25T08:04:58.900000Z,SEK,XSTO,XSTO,MonetaryAmount,N,12-------PH---,000065173,668.0,5,,,
387,13822,2021-03-25 09:04:58,2021-03-25T08:04:58.897000Z,SE0000310336,2021-03-25 09:04:58,2021-03-25T08:04:58.900000Z,SEK,XSTO,XSTO,MonetaryAmount,N,12-------PH---,000065174,668.0,3,,,
388,13821,2021-03-25 09:04:58,2021-03-25T08:04:58.897000Z,SE0000310336,2021-03-25 09:04:58,2021-03-25T08:04:58.900000Z,SEK,XSTO,XSTO,MonetaryAmount,N,12-------PH---,000065175,668.0,1000,,,
389,13820,2021-03-25 09:04:58,2021-03-25T08:04:58.920000Z,SE0000310336,2021-03-25 09:04:58,2021-03-25T08:04:58.920000Z,SEK,XSTO,XSTO,MonetaryAmount,N,12-------PH---,000065182,668.4,215,,,
390,13819,2021-03-25 09:04:58,2021-03-25T08:04:58.920000Z,SE0000310336,2021-03-25 09:04:58,2021-03-25T08:04:58.920000Z,SEK,XSTO,XSTO,MonetaryAmount,N,12-------PH---,000065183,668.4,58,,,
391,13818,2021-03-25 09:04:58,2021-03-25T08:04:58.920000Z,SE0000310336,2021-03-25 09:04:58,2021-03-25T08:04:58.920000Z,SEK,XSTO,XSTO,MonetaryAmount,N,12-------PH---,000065184,668.2,64,,,
392,13817,2021-03-25 09:04:58,2021-03-25T08:04:58.920000Z,SE0000310336,2021-03-25 09:04:58,2021-03-25T08:04:58.920000Z,SEK,XSTO,XSTO,MonetaryAmount,N,12-------PH---,000065185,668.2,90,,,
393,13816,2021-03-25 09:05:01,2021-03-25T08:05:01.427000Z,SE0000310336,2021-03-25 09:05:01,2021-03-25T08:05:01.427000Z,SEK,DSTO,XSTO,MonetaryAmount,N,32D---S--PH---,000065628,668.3,34,,,Nordic@Mid trade
394,13815,2021-03-25 09:05:02,2021-03-25T08:05:02.697000Z,SE0000310336,2021-03-25 09:05:02,2021-03-25T08:05:02.697000Z,SEK,DSTO,XSTO,MonetaryAmount,N,32D---S--P----,000065791,668.3,52,,,Nordic@Mid trade
395,13814,2021-03-25 09:05:07,2021-03-25T08:05:07.407000Z,SE0000310336,2021-03-25 09:05:07,2021-03-25T08:05:07.407000Z,SEK,XSTO,XSTO,MonetaryAmount,N,12-------PH---,000066429,668.0,36,,,
396,13813,2021-03-25 09:05:07,2021-03-25T08:05:07.407000Z,SE0000310336,2021-03-25 09:05:07,2021-03-25T08:05:07.407000Z,SEK,XSTO,XSTO,MonetaryAmount,N,12-------PH---,000066430,668.0,32,,,
397,13812,2021-03-25 09:05:07,2021-03-25T08:05:07.407000Z,SE0000310336,2021-03-25 09:05:07,2021-03-25T08:05:07.407000Z,SEK,XSTO,XSTO,MonetaryAmount,N,12-------PH---,000066431,668.0,2,,,
398,13811,2021-03-25 09:05:07,2021-03-25T08:05:07.423000Z,SE0000310336,2021-03-25 09:05:07,2021-03-25T08:05:07.423000Z,SEK,XSTO,XSTO,MonetaryAmount,N,12-------PH---,000066432,668.0,68,,,
399,13810,2021-03-25 09:05:07,2021-03-25T08:05:07.423000Z,SE0000310336,2021-03-25 09:05:07,2021-03-25T08:05:07.423000Z,SEK,XSTO,XSTO,MonetaryAmount,N,12-------PH---,000066433,668.0,22,,,
400,13809,2021-03-25 09:05:10,2021-03-25T08:05:10.887000Z,SE0000310336,2021-03-25 09:05:10,2021-03-25T08:05:10.887000Z,SEK,XSTO,XSTO,MonetaryAmount,N,12-------PH---,000066857,668.0,90,,,
401,13808,2021-03-25 09:05:10,2021-03-25T08:05:10.887000Z,SE0000310336,2021-03-25 09:05:10,2021-03-25T08:05:10.887000Z,SEK,XSTO,XSTO,MonetaryAmount,N,12-------P----,000066858,668.0,1,,,
402,13807,2021-03-25 09:05:10,2021-03-25T08:05:10.887000Z,SE0000310336,2021-03-25 09:05:10,2021-03-25T08:05:10.887000Z,SEK,XSTO,XSTO,MonetaryAmount,N,12-------PH---,000066859,668.0,41,,,
403,13806,2021-03-25 09:05:10,2021-03-25T08:05:10.930000Z,SE0000310336,2021-03-25 09:05:10,2021-03-25T08:05:10.930000Z,SEK,XSTO,XSTO,MonetaryAmount,N,12-------PH---,000066867,667.8,110,,,
404,13805,2021-03-25 09:05:10,2021-03-25T08:05:10.930000Z,SE0000310336,2021-03-25 09:05:10,2021-03-25T08:05:10.930000Z,SEK,XSTO,XSTO,MonetaryAmount,N,12-------PH---,000066868,667.8,43,,,
405,13804,2021-03-25 09:05:11,2021-03-25T08:05:11.297000Z,SE0000310336,2021-03-25 09:05:11,2021-03-25T08:05:11.297000Z,SEK,MSTO,XSTO,MonetaryAmount,N,5U-------P----,000066908,667.8,50,,,Auction On Demand
406,13803,2021-03-25 09:05:11,2021-03-25T08:05:11.320000Z,SE0000310336,2021-03-25 09:05:11,2021-03-25T08:05:11.320000Z,SEK,DSTO,XSTO,MonetaryAmount,N,32D---S--P----,000066910,667.8,6,,,Nordic@Mid trade
407,13802,2021-03-25 09:05:11,2021-03-25T08:05:11.523000Z,SE0000310336,2021-03-25 09:05:11,2021-03-25T08:05:11.523000Z,SEK,XSTO,XSTO,MonetaryAmount,N,12-------PH---,000066942,668.0,27,,,
408,13801,2021-03-25 09:05:13,2021-03-25T08:05:13.813000Z,SE0000310336,2021-03-25 09:05:13,2021-03-25T08:05:13.813000Z,SEK,XSTO,XSTO,MonetaryAmount,N,12-------PH---,000067171,668.0,31,,,
409,13800,2021-03-25 09:05:13,2021-03-25T08:05:13.813000Z,SE0000310336,2021-03-25 09:05:13,2021-03-25T08:05:13.813000Z,SEK,XSTO,XSTO,MonetaryAmount,N,12-------PH---,000067172,668.0,59,,,
410,13799,2021-03-25 09:05:13,2021-03-25T08:05:13.857000Z,SE0000310336,2021-03-25 09:05:13,2021-03-25T08:05:13.857000Z,SEK,XSTO,XSTO,MonetaryAmount,N,12-------PH---,000067175,668.0,40,,,
411,13798,2021-03-25 09:05:21,2021-03-25T08:05:21.190000Z,SE0000310336,2021-03-25 09:05:21,2021-03-25T08:05:21.190000Z,SEK,XSTO,XSTO,MonetaryAmount,N,12-------PH---,000067907,668.0,4,,,
412,13797,2021-03-25 09:05:29,2021-03-25T08:05:29.417000Z,SE0000310336,2021-03-25 09:05:29,2021-03-25T08:05:29.417000Z,SEK,XSTO,XSTO,MonetaryAmount,N,12-------PH---,000068906,668.0,33,,,
413,13796,2021-03-25 09:05:31,2021-03-25T08:05:31.573000Z,SE0000310336,2021-03-25 09:05:31,2021-03-25T08:05:31.573000Z,SEK,XSTO,XSTO,MonetaryAmount,N,12-------PH---,000069161,667.8,90,,,
414,13795,2021-03-25 09:05:31,2021-03-25T08:05:31.573000Z,SE0000310336,2021-03-25 09:05:31,2021-03-25T08:05:31.573000Z,SEK,XSTO,XSTO,MonetaryAmount,N,12-------PH---,000069162,667.8,3,,,
415,13794,2021-03-25 09:05:31,2021-03-25T08:05:31.573000Z,SE0000310336,2021-03-25 09:05:31,2021-03-25T08:05:31.573000Z,SEK,XSTO,XSTO,MonetaryAmount,N,12-------PH---,000069163,667.8,31,,,
416,13793,2021-03-25 09:05:33,2021-03-25T08:05:33.677000Z,SE0000310336,2021-03-25 09:05:33,2021-03-25T08:05:33.677000Z,SEK,XSTO,XSTO,MonetaryAmount,N,12-------PH---,000069362,667.6,36,,,
417,13792,2021-03-25 09:05:33,2021-03-25T08:05:33.677000Z,SE0000310336,2021-03-25 09:05:33,2021-03-25T08:05:33.677000Z,SEK,XSTO,XSTO,MonetaryAmount,N,12-------PH---,000069363,667.6,30,,,
418,13791,2021-03-25 09:05:39,2021-03-25T08:05:39.310000Z,SE0000310336,2021-03-25 09:05:39,2021-03-25T08:05:39.310000Z,SEK,XSTO,XSTO,MonetaryAmount,N,12-------PH---,000069795,667.6,38,,,
419,13790,2021-03-25 09:05:39,2021-03-25T08:05:39.330000Z,SE0000310336,2021-03-25 09:05:39,2021-03-25T08:05:39.330000Z,SEK,XSTO,XSTO,MonetaryAmount,N,12-------PH---,000069797,667.8,40,,,
420,13789,2021-03-25 09:05:49,2021-03-25T08:05:49.333000Z,SE0000310336,2021-03-25 09:05:49,2021-03-25T08:05:49.333000Z,SEK,XSTO,XSTO,MonetaryAmount,N,12-------PH---,000070584,667.8,3,,,
421,13788,2021-03-25 09:05:49,2021-03-25T08:05:49.830000Z,SE0000310336,2021-03-25 09:05:49,2021-03-25T08:05:49.830000Z,SEK,XSTO,XSTO,MonetaryAmount,N,12-------PH---,000070610,667.8,87,,,
422,13787,2021-03-25 09:05:51,2021-03-25T08:05:51.037000Z,SE0000310336,2021-03-25 09:05:51,2021-03-25T08:05:51.037000Z,SEK,XSTO,XSTO,MonetaryAmount,N,12-------PH---,000070700,668.0,4,,,
423,13786,2021-03-25 09:05:51,2021-03-25T08:05:51.037000Z,SE0000310336,2021-03-25 09:05:51,2021-03-25T08:05:51.037000Z,SEK,XSTO,XSTO,MonetaryAmount,N,12-------PH---,000070701,668.0,2,,,
424,13785,2021-03-25 09:06:01,2021-03-25T08:06:01.820000Z,SE0000310336,2021-03-25 09:06:01,2021-03-25T08:06:01.820000Z,SEK,XSTO,XSTO,MonetaryAmount,N,12-------PH---,000071704,668.4,4,,,
425,13784,2021-03-25 09:06:14,2021-03-25T08:06:14.817000Z,SE0000310336,2021-03-25 09:06:14,2021-03-25T08:06:14.817000Z,SEK,XSTO,XSTO,MonetaryAmount,N,12-------PH---,000072727,668.6,5,,,
426,13783,2021-03-25 09:06:14,2021-03-25T08:06:14.817000Z,SE0000310336,2021-03-25 09:06:14,2021-03-25T08:06:14.817000Z,SEK,XSTO,XSTO,MonetaryAmount,N,12-------PH---,000072728,668.6,28,,,
427,13782,2021-03-25 09:06:23,2021-03-25T08:06:23.437000Z,SE0000310336,2021-03-25 09:06:23,2021-03-25T08:06:23.437000Z,SEK,XSTO,XSTO,MonetaryAmount,N,12-------PH---,000073498,668.6,40,,,
428,13781,2021-03-25 09:06:23,2021-03-25T08:06:23.437000Z,SE0000310336,2021-03-25 09:06:23,2021-03-25T08:06:23.437000Z,SEK,XSTO,XSTO,MonetaryAmount,N,12-------PH---,000073499,668.6,51,,,
429,13780,2021-03-25 09:06:28,2021-03-25T08:06:28.533000Z,SE0000310336,2021-03-25 09:06:28,2021-03-25T08:06:28.533000Z,SEK,XSTO,XSTO,MonetaryAmount,N,12-------PH---,000074025,668.4,83,,,
430,13779,2021-03-25 09:06:28,2021-03-25T08:06:28.533000Z,SE0000310336,2021-03-25 09:06:28,2021-03-25T08:06:28.533000Z,SEK,XSTO,XSTO,MonetaryAmount,N,12-------PH---,000074026,668.4,3,,,
431,13778,2021-03-25 09:06:28,2021-03-25T08:06:28.583000Z,SE0000310336,2021-03-25 09:06:28,2021-03-25T08:06:28.583000Z,SEK,XSTO,XSTO,MonetaryAmount,N,12-------PH---,000074030,668.4,17,,,
432,13777,2021-03-25 09:06:29,2021-03-25T08:06:29.310000Z,SE0000310336,2021-03-25 09:06:29,2021-03-25T08:06:29.310000Z,SEK,XSTO,XSTO,MonetaryAmount,N,12-------PH---,000074100,668.2,107,,,
433,13776,2021-03-25 09:06:29,2021-03-25T08:06:29.310000Z,SE0000310336,2021-03-25 09:06:29,2021-03-25T08:06:29.310000Z,SEK,XSTO,XSTO,MonetaryAmount,N,12-------PH---,000074101,668.2,2,,,
434,13775,2021-03-25 09:06:36,2021-03-25T08:06:36.337000Z,SE0000310336,2021-03-25 09:06:36,2021-03-25T08:06:36.337000Z,SEK,XSTO,XSTO,MonetaryAmount,N,12-------PH---,000074766,668.4,1,,,
435,13774,2021-03-25 09:06:36,2021-03-25T08:06:36.337000Z,SE0000310336,2021-03-25 09:06:36,2021-03-25T08:06:36.337000Z,SEK,XSTO,XSTO,MonetaryAmount,N,12-------PH---,000074767,668.4,48,,,
436,13773,2021-03-25 09:06:38,2021-03-25T08:06:38.407000Z,SE0000310336,2021-03-25 09:06:38,2021-03-25T08:06:38.407000Z,SEK,XSTO,XSTO,MonetaryAmount,N,12-------PH---,000074957,668.4,33,,,
437,13772,2021-03-25 09:06:38,2021-03-25T08:06:38.427000Z,SE0000310336,2021-03-25 09:06:38,2021-03-25T08:06:38.427000Z,SEK,XSTO,XSTO,MonetaryAmount,N,12-------PH---,000074961,668.4,90,,,
438,13771,2021-03-25 09:06:41,2021-03-25T08:06:41.060000Z,SE0000310336,2021-03-25 09:06:41,2021-03-25T08:06:41.060000Z,SEK,XSTO,XSTO,MonetaryAmount,N,12-------PH---,000075185,668.4,90,,,
439,13770,2021-03-25 09:06:44,2021-03-25T08:06:44.417000Z,SE0000310336,2021-03-25 09:06:44,2021-03-25T08:06:44.417000Z,SEK,XSTO,XSTO,MonetaryAmount,N,12-------PH---,000075552,668.6,2,,,
440,13769,2021-03-25 09:06:44,2021-03-25T08:06:44.417000Z,SE0000310336,2021-03-25 09:06:44,2021-03-25T08:06:44.417000Z,SEK,XSTO,XSTO,MonetaryAmount,N,12-------P----,000075553,668.6,5,,,
441,13768,2021-03-25 09:06:46,2021-03-25T08:06:46.743000Z,SE0000310336,2021-03-25 09:06:46,2021-03-25T08:06:46.743000Z,SEK,XSTO,XSTO,MonetaryAmount,N,12-------PH---,000075728,668.6,30,,,
442,13767,2021-03-25 09:06:46,2021-03-25T08:06:46.743000Z,SE0000310336,2021-03-25 09:06:46,2021-03-25T08:06:46.743000Z,SEK,XSTO,XSTO,MonetaryAmount,N,12-------PH---,000075729,668.6,20,,,
443,13766,2021-03-25 09:06:46,2021-03-25T08:06:46.763000Z,SE0000310336,2021-03-25 09:06:46,2021-03-25T08:06:46.763000Z,SEK,XSTO,XSTO,MonetaryAmount,N,12-------PH---,000075731,668.6,15,,,
444,13765,2021-03-25 09:06:50,2021-03-25T08:06:50.617000Z,SE0000310336,2021-03-25 09:06:50,2021-03-25T08:06:50.617000Z,SEK,XSTO,XSTO,MonetaryAmount,N,12-------PH---,000076192,668.4,266,,,
445,13764,2021-03-25 09:06:50,2021-03-25T08:06:50.617000Z,SE0000310336,2021-03-25 09:06:50,2021-03-25T08:06:50.617000Z,SEK,XSTO,XSTO,MonetaryAmount,N,12-------PH---,000076193,668.4,16,,,
446,13763,2021-03-25 09:07:01,2021-03-25T08:07:01.150000Z,SE0000310336,2021-03-25 09:07:01,2021-03-25T08:07:01.150000Z,SEK,XSTO,XSTO,MonetaryAmount,N,12-------PH---,000077031,668.6,50,,,
447,13762,2021-03-25 09:07:02,2021-03-25T08:07:02.440000Z,SE0000310336,2021-03-25 09:07:02,2021-03-25T08:07:02.440000Z,SEK,XSTO,XSTO,MonetaryAmount,N,12-------P----,000077175,668.8,25,,,
448,13761,2021-03-25 09:07:02,2021-03-25T08:07:02.440000Z,SE0000310336,2021-03-25 09:07:02,2021-03-25T08:07:02.440000Z,SEK,XSTO,XSTO,MonetaryAmount,N,12-------PH---,000077176,668.8,51,,,
449,13760,2021-03-25 09:07:02,2021-03-25T08:07:02.820000Z,SE0000310336,2021-03-25 09:07:02,2021-03-25T08:07:02.820000Z,SEK,XSTO,XSTO,MonetaryAmount,N,12-------PH---,000077213,668.8,21,,,
450,13759,2021-03-25 09:07:02,2021-03-25T08:07:02.820000Z,SE0000310336,2021-03-25 09:07:02,2021-03-25T08:07:02.820000Z,SEK,XSTO,XSTO,MonetaryAmount,N,12-------PH---,000077214,668.8,37,,,
451,13758,2021-03-25 09:07:05,2021-03-25T08:07:05.413000Z,SE0000310336,2021-03-25 09:07:05,2021-03-25T08:07:05.413000Z,SEK,XSTO,XSTO,MonetaryAmount,N,12-------P----,000077471,668.6,6,,,
452,13757,2021-03-25 09:07:05,2021-03-25T08:07:05.413000Z,SE0000310336,2021-03-25 09:07:05,2021-03-25T08:07:05.413000Z,SEK,XSTO,XSTO,MonetaryAmount,N,12-------PH---,000077472,668.6,90,,,
453,13756,2021-03-25 09:07:05,2021-03-25T08:07:05.413000Z,SE0000310336,2021-03-25 09:07:05,2021-03-25T08:07:05.413000Z,SEK,XSTO,XSTO,MonetaryAmount,N,12-------PH---,000077473,668.8,64,,,
454,13755,2021-03-25 09:07:05,2021-03-25T08:07:05.413000Z,SE0000310336,2021-03-25 09:07:05,2021-03-25T08:07:05.413000Z,SEK,XSTO,XSTO,MonetaryAmount,N,12-------PH---,000077474,668.8,50,,,
455,13754,2021-03-25 09:07:10,2021-03-25T08:07:10.757000Z,SE0000310336,2021-03-25 09:07:10,2021-03-25T08:07:10.757000Z,SEK,XSTO,XSTO,MonetaryAmount,N,12-------PH---,000077925,668.8,5,,,
456,13753,2021-03-25 09:07:10,2021-03-25T08:07:10.983000Z,SE0000310336,2021-03-25 09:07:10,2021-03-25T08:07:10.987000Z,SEK,DSTO,XSTO,MonetaryAmount,N,32D---S--PH---,000077953,668.7,15,,,Nordic@Mid trade
457,13752,2021-03-25 09:07:13,2021-03-25T08:07:13.557000Z,SE0000310336,2021-03-25 09:07:13,2021-03-25T08:07:13.557000Z,SEK,XSTO,XSTO,MonetaryAmount,N,12-------PH---,000078140,668.6,15,,,
458,13751,2021-03-25 09:07:13,2021-03-25T08:07:13.557000Z,SE0000310336,2021-03-25 09:07:13,2021-03-25T08:07:13.557000Z,SEK,XSTO,XSTO,MonetaryAmount,N,12-------PH---,000078141,668.6,31,,,
459,13750,2021-03-25 09:07:14,2021-03-25T08:07:14.657000Z,SE0000310336,2021-03-25 09:07:14,2021-03-25T08:07:14.657000Z,SEK,XSTO,XSTO,MonetaryAmount,N,12-------PH---,000078223,668.6,1,,,
460,13749,2021-03-25 09:07:20,2021-03-25T08:07:20.620000Z,SE0000310336,2021-03-25 09:07:20,2021-03-25T08:07:20.620000Z,SEK,XSTO,XSTO,MonetaryAmount,N,12-------PH---,000078607,668.6,1,,,
461,13748,2021-03-25 09:07:20,2021-03-25T08:07:20.620000Z,SE0000310336,2021-03-25 09:07:20,2021-03-25T08:07:20.620000Z,SEK,XSTO,XSTO,MonetaryAmount,N,12-------PH---,000078608,668.8,1,,,
462,13747,2021-03-25 09:07:20,2021-03-25T08:07:20.620000Z,SE0000310336,2021-03-25 09:07:20,2021-03-25T08:07:20.620000Z,SEK,XSTO,XSTO,MonetaryAmount,N,12-------PH---,000078609,668.8,1,,,
463,13746,2021-03-25 09:07:23,2021-03-25T08:07:23.443000Z,SE0000310336,2021-03-25 09:07:23,2021-03-25T08:07:23.443000Z,SEK,XSTO,XSTO,MonetaryAmount,N,12-------P----,000078734,668.8,4,,,
464,13745,2021-03-25 09:07:23,2021-03-25T08:07:23.443000Z,SE0000310336,2021-03-25 09:07:23,2021-03-25T08:07:23.443000Z,SEK,XSTO,XSTO,MonetaryAmount,N,12-------PH---,000078735,668.8,60,,,
465,13744,2021-03-25 09:07:37,2021-03-25T08:07:37.833000Z,SE0000310336,2021-03-25 09:07:37,2021-03-25T08:07:37.833000Z,SEK,XSTO,XSTO,MonetaryAmount,N,12-------PH---,000079758,668.8,1,,,
466,13743,2021-03-25 09:07:42,2021-03-25T08:07:42.830000Z,SE0000310336,2021-03-25 09:07:42,2021-03-25T08:07:42.830000Z,SEK,XSTO,XSTO,MonetaryAmount,N,12-------PH---,000080064,669.0,9,,,
467,13742,2021-03-25 09:07:42,2021-03-25T08:07:42.830000Z,SE0000310336,2021-03-25 09:07:42,2021-03-25T08:07:42.830000Z,SEK,XSTO,XSTO,MonetaryAmount,N,12-------PH---,000080065,669.0,24,,,
468,13741,2021-03-25 09:07:46,2021-03-25T08:07:46.903000Z,SE0000310336,2021-03-25 09:07:46,2021-03-25T08:07:46.903000Z,SEK,XSTO,XSTO,MonetaryAmount,N,12-------PH---,000080391,668.8,2,,,
469,13740,2021-03-25 09:07:46,2021-03-25T08:07:46.997000Z,SE0000310336,2021-03-25 09:07:46,2021-03-25T08:07:46.997000Z,SEK,XSTO,XSTO,MonetaryAmount,N,12-------PH---,000080393,668.8,68,,,
470,13739,2021-03-25 09:07:46,2021-03-25T08:07:46.997000Z,SE0000310336,2021-03-25 09:07:46,2021-03-25T08:07:46.997000Z,SEK,XSTO,XSTO,MonetaryAmount,N,12-------PH---,000080394,668.8,20,,,
471,13738,2021-03-25 09:07:46,2021-03-25T08:07:46.997000Z,SE0000310336,2021-03-25 09:07:46,2021-03-25T08:07:46.997000Z,SEK,XSTO,XSTO,MonetaryAmount,N,12-------PH---,000080395,668.8,25,,,
472,13737,2021-03-25 09:07:52,2021-03-25T08:07:52.893000Z,SE0000310336,2021-03-25 09:07:52,2021-03-25T08:07:52.893000Z,SEK,XSTO,XSTO,MonetaryAmount,N,12-------PH---,000080864,669.0,32,,,
473,13736,2021-03-25 09:07:52,2021-03-25T08:07:52.893000Z,SE0000310336,2021-03-25 09:07:52,2021-03-25T08:07:52.893000Z,SEK,XSTO,XSTO,MonetaryAmount,N,12-------PH---,000080865,669.0,944,,,
474,13735,2021-03-25 09:07:52,2021-03-25T08:07:52.893000Z,SE0000310336,2021-03-25 09:07:52,2021-03-25T08:07:52.893000Z,SEK,XSTO,XSTO,MonetaryAmount,N,12-------PH---,000080866,669.0,28,,,
475,13734,2021-03-25 09:07:52,2021-03-25T08:07:52.893000Z,SE0000310336,2021-03-25 09:07:52,2021-03-25T08:07:52.893000Z,SEK,XSTO,XSTO,MonetaryAmount,N,12-------PH---,000080867,669.0,37,,,
476,13733,2021-03-25 09:08:00,2021-03-25T08:08:00.977000Z,SE0000310336,2021-03-25 09:08:00,2021-03-25T08:08:00.977000Z,SEK,XSTO,XSTO,MonetaryAmount,N,12-------PH---,000081471,669.0,44,,,
477,13732,2021-03-25 09:08:00,2021-03-25T08:08:00.977000Z,SE0000310336,2021-03-25 09:08:00,2021-03-25T08:08:00.977000Z,SEK,XSTO,XSTO,MonetaryAmount,N,12-------PH---,000081472,669.0,21,,,
478,13731,2021-03-25 09:08:01,2021-03-25T08:08:01.373000Z,SE0000310336,2021-03-25 09:08:01,2021-03-25T08:08:01.373000Z,SEK,XSTO,XSTO,MonetaryAmount,N,12-------PH---,000081520,668.8,8,,,
479,13730,2021-03-25 09:08:02,2021-03-25T08:08:02.337000Z,SE0000310336,2021-03-25 09:08:02,2021-03-25T08:08:02.337000Z,SEK,XSTO,XSTO,MonetaryAmount,N,12-------PH---,000081575,668.8,19,,,
480,13729,2021-03-25 09:08:02,2021-03-25T08:08:02.357000Z,SE0000310336,2021-03-25 09:08:02,2021-03-25T08:08:02.357000Z,SEK,XSTO,XSTO,MonetaryAmount,N,12-------PH---,000081578,668.8,21,,,
481,13728,2021-03-25 09:08:06,2021-03-25T08:08:06.853000Z,SE0000310336,2021-03-25 09:08:06,2021-03-25T08:08:06.853000Z,SEK,XSTO,XSTO,MonetaryAmount,N,12-------PH---,000081966,669.0,2,,,
482,13727,2021-03-25 09:08:06,2021-03-25T08:08:06.853000Z,SE0000310336,2021-03-25 09:08:06,2021-03-25T08:08:06.853000Z,SEK,XSTO,XSTO,MonetaryAmount,N,12-------PH---,000081967,669.0,42,,,
483,13726,2021-03-25 09:08:13,2021-03-25T08:08:13.203000Z,SE0000310336,2021-03-25 09:08:13,2021-03-25T08:08:13.203000Z,SEK,XSTO,XSTO,MonetaryAmount,N,12-------PH---,000082416,668.8,1,,,
484,13725,2021-03-25 09:08:13,2021-03-25T08:08:13.203000Z,SE0000310336,2021-03-25 09:08:13,2021-03-25T08:08:13.203000Z,SEK,XSTO,XSTO,MonetaryAmount,N,12-------PH---,000082417,668.8,44,,,
485,13724,2021-03-25 09:08:13,2021-03-25T08:08:13.203000Z,SE0000310336,2021-03-25 09:08:13,2021-03-25T08:08:13.203000Z,SEK,XSTO,XSTO,MonetaryAmount,N,12-------PH---,000082418,668.8,5,,,
486,13723,2021-03-25 09:08:13,2021-03-25T08:08:13.207000Z,SE0000310336,2021-03-25 09:08:13,2021-03-25T08:08:13.207000Z,SEK,XSTO,XSTO,MonetaryAmount,N,12-------PH---,000082419,668.6,7,,,
487,13722,2021-03-25 09:08:13,2021-03-25T08:08:13.207000Z,SE0000310336,2021-03-25 09:08:13,2021-03-25T08:08:13.207000Z,SEK,XSTO,XSTO,MonetaryAmount,N,12-------PH---,000082420,668.6,108,,,
488,13721,2021-03-25 09:08:13,2021-03-25T08:08:13.283000Z,SE0000310336,2021-03-25 09:08:13,2021-03-25T08:08:13.283000Z,SEK,XSTO,XSTO,MonetaryAmount,N,12-------PH---,000082438,668.8,1,,,
489,13720,2021-03-25 09:08:13,2021-03-25T08:08:13.577000Z,SE0000310336,2021-03-25 09:08:13,2021-03-25T08:08:13.577000Z,SEK,XSTO,XSTO,MonetaryAmount,N,12-------PH---,000082466,668.8,1,,,
490,13719,2021-03-25 09:08:21,2021-03-25T08:08:21.517000Z,SE0000310336,2021-03-25 09:08:21,2021-03-25T08:08:21.517000Z,SEK,XSTO,XSTO,MonetaryAmount,N,12-------PH---,000083042,668.8,1,,,
491,13718,2021-03-25 09:08:23,2021-03-25T08:08:23.100000Z,SE0000310336,2021-03-25 09:08:23,2021-03-25T08:08:23.100000Z,SEK,XSTO,XSTO,MonetaryAmount,N,12-------PH---,000083207,668.8,12,,,
492,13717,2021-03-25 09:08:24,2021-03-25T08:08:24.790000Z,SE0000310336,2021-03-25 09:08:24,2021-03-25T08:08:24.790000Z,SEK,XSTO,XSTO,MonetaryAmount,N,12-------PH---,000083344,668.6,39,,,
493,13716,2021-03-25 09:08:24,2021-03-25T08:08:24.790000Z,SE0000310336,2021-03-25 09:08:24,2021-03-25T08:08:24.790000Z,SEK,XSTO,XSTO,MonetaryAmount,N,12-------PH---,000083345,668.6,51,,,
494,13715,2021-03-25 09:08:24,2021-03-25T08:08:24.790000Z,SE0000310336,2021-03-25 09:08:24,2021-03-25T08:08:24.790000Z,SEK,XSTO,XSTO,MonetaryAmount,N,12-------PH---,000083346,668.6,41,,,
495,13714,2021-03-25 09:08:25,2021-03-25T08:08:25.147000Z,SE0000310336,2021-03-25 09:08:25,2021-03-25T08:08:25.147000Z,SEK,XSTO,XSTO,MonetaryAmount,N,12-------PH---,000083375,668.6,2,,,
496,13713,2021-03-25 09:08:27,2021-03-25T08:08:27.523000Z,SE0000310336,2021-03-25 09:08:27,2021-03-25T08:08:27.523000Z,SEK,XSTO,XSTO,MonetaryAmount,N,12-------PH---,000083596,668.6,33,,,
497,13712,2021-03-25 09:08:27,2021-03-25T08:08:27.523000Z,SE0000310336,2021-03-25 09:08:27,2021-03-25T08:08:27.523000Z,SEK,XSTO,XSTO,MonetaryAmount,N,12-------PH---,000083597,668.6,55,,,
498,13711,2021-03-25 09:08:27,2021-03-25T08:08:27.523000Z,SE0000310336,2021-03-25 09:08:27,2021-03-25T08:08:27.523000Z,SEK,XSTO,XSTO,MonetaryAmount,N,12-------PH---,000083598,668.6,111,,,
499,13710,2021-03-25 09:08:30,2021-03-25T08:08:30.030000Z,SE0000310336,2021-03-25 09:08:30,2021-03-25T08:08:30.030000Z,SEK,XSTO,XSTO,MonetaryAmount,N,12-------PH---,000083751,668.8,6,,,
500,13709,2021-03-25 09:08:31,2021-03-25T08:08:31.480000Z,SE0000310336,2021-03-25 09:08:31,2021-03-25T08:08:31.480000Z,SEK,XSTO,XSTO,MonetaryAmount,N,12-------P----,000083836,668.6,45,,,
501,13708,2021-03-25 09:08:32,2021-03-25T08:08:32.067000Z,SE0000310336,2021-03-25 09:08:32,2021-03-25T08:08:32.067000Z,SEK,XSTO,XSTO,MonetaryAmount,N,12-------PH---,000083896,668.6,7,,,
502,13707,2021-03-25 09:08:32,2021-03-25T08:08:32.070000Z,SE0000310336,2021-03-25 09:08:32,2021-03-25T08:08:32.070000Z,SEK,XSTO,XSTO,MonetaryAmount,N,12-------PH---,000083897,668.4,2,,,
503,13706,2021-03-25 09:08:45,2021-03-25T08:08:45.167000Z,SE0000310336,2021-03-25 09:08:45,2021-03-25T08:08:45.167000Z,SEK,XSTO,XSTO,MonetaryAmount,N,12-------PH---,000084705,668.6,6,,,
504,13705,2021-03-25 09:08:45,2021-03-25T08:08:45.167000Z,SE0000310336,2021-03-25 09:08:45,2021-03-25T08:08:45.167000Z,SEK,XSTO,XSTO,MonetaryAmount,N,12-------PH---,000084706,668.6,41,,,
505,13704,2021-03-25 09:08:50,2021-03-25T08:08:50.430000Z,SE0000310336,2021-03-25 09:08:50,2021-03-25T08:08:50.430000Z,SEK,XSTO,XSTO,MonetaryAmount,N,12-------P----,000085019,668.8,18,,,
506,13703,2021-03-25 09:08:50,2021-03-25T08:08:50.430000Z,SE0000310336,2021-03-25 09:08:50,2021-03-25T08:08:50.430000Z,SEK,XSTO,XSTO,MonetaryAmount,N,12-------P----,000085020,668.8,7,,,
507,13702,2021-03-25 09:08:50,2021-03-25T08:08:50.430000Z,SE0000310336,2021-03-25 09:08:50,2021-03-25T08:08:50.430000Z,SEK,XSTO,XSTO,MonetaryAmount,N,12-------P----,000085021,668.8,5,,,
508,13701,2021-03-25 09:08:51,2021-03-25T08:08:51.543000Z,SE0000310336,2021-03-25 09:08:51,2021-03-25T08:08:51.543000Z,SEK,MSTO,XSTO,MonetaryAmount,N,5U-------PH---,000085102,669.0,50,,,Auction On Demand
509,13700,2021-03-25 09:09:03,2021-03-25T08:09:03.833000Z,SE0000310336,2021-03-25 09:09:03,2021-03-25T08:09:03.833000Z,SEK,XSTO,XSTO,MonetaryAmount,N,12-------PH---,000086004,669.2,50,,,
510,13699,2021-03-25 09:09:13,2021-03-25T08:09:13.923000Z,SE0000310336,2021-03-25 09:09:13,2021-03-25T08:09:13.923000Z,SEK,XSTO,XSTO,MonetaryAmount,N,12-------PH---,000086764,669.4,42,,,
511,13698,2021-03-25 09:09:18,2021-03-25T08:09:18.963000Z,SE0000310336,2021-03-25 09:09:18,2021-03-25T08:09:18.963000Z,SEK,XSTO,XSTO,MonetaryAmount,N,12-------PH---,000087063,669.2,8,,,
512,13697,2021-03-25 09:09:27,2021-03-25T08:09:27.840000Z,SE0000310336,2021-03-25 09:09:27,2021-03-25T08:09:27.840000Z,SEK,XSTO,XSTO,MonetaryAmount,N,12-------PH---,000087679,669.2,37,,,
513,13696,2021-03-25 09:09:28,2021-03-25T08:09:28.087000Z,SE0000310336,2021-03-25 09:09:28,2021-03-25T08:09:28.087000Z,SEK,XSTO,XSTO,MonetaryAmount,N,12-------PH---,000087691,669.2,2,,,
514,13695,2021-03-25 09:09:32,2021-03-25T08:09:32.833000Z,SE0000310336,2021-03-25 09:09:32,2021-03-25T08:09:32.833000Z,SEK,XSTO,XSTO,MonetaryAmount,N,12-------PH---,000088036,669.2,3,,,
515,13694,2021-03-25 09:09:38,2021-03-25T08:09:38.307000Z,SE0000310336,2021-03-25 09:09:38,2021-03-25T08:09:38.307000Z,SEK,XSTO,XSTO,MonetaryAmount,N,12-------P----,000088483,669.0,35,,,
516,13693,2021-03-25 09:09:38,2021-03-25T08:09:38.307000Z,SE0000310336,2021-03-25 09:09:38,2021-03-25T08:09:38.307000Z,SEK,XSTO,XSTO,MonetaryAmount,N,12-------P----,000088484,669.0,19,,,
517,13692,2021-03-25 09:09:38,2021-03-25T08:09:38.737000Z,SE0000310336,2021-03-25 09:09:38,2021-03-25T08:09:38.737000Z,SEK,XSTO,XSTO,MonetaryAmount,N,45-3-----PH---,F050108410,669.0,110,,,Standard Routed Trade
518,13691,2021-03-25 09:09:43,2021-03-25T08:09:43.033000Z,SE0000310336,2021-03-25 09:09:43,2021-03-25T08:09:43.033000Z,SEK,XSTO,XSTO,MonetaryAmount,N,12-------P----,000088751,669.2,5,,,
519,13690,2021-03-25 09:09:43,2021-03-25T08:09:43.063000Z,SE0000310336,2021-03-25 09:09:43,2021-03-25T08:09:43.063000Z,SEK,DSTO,XSTO,MonetaryAmount,N,32D---S--PH---,000088754,669.0,50,,,Nordic@Mid trade
520,13689,2021-03-25 09:09:51,2021-03-25T08:09:51.737000Z,SE0000310336,2021-03-25 09:09:51,2021-03-25T08:09:51.737000Z,SEK,DSTO,XSTO,MonetaryAmount,N,32D---S--PH---,000089451,669.1,50,,,Nordic@Mid trade
521,13688,2021-03-25 09:09:52,2021-03-25T08:09:52.303000Z,SE0000310336,2021-03-25 09:09:52,2021-03-25T08:09:52.303000Z,SEK,XSTO,XSTO,MonetaryAmount,N,12-------PH---,000089492,669.2,3,,,
522,13687,2021-03-25 09:09:52,2021-03-25T08:09:52.323000Z,SE0000310336,2021-03-25 09:09:52,2021-03-25T08:09:52.323000Z,SEK,XSTO,XSTO,MonetaryAmount,N,12-------P----,000089493,669.0,92,,,
523,13686,2021-03-25 09:09:57,2021-03-25T08:09:57.430000Z,SE0000310336,2021-03-25 09:09:57,2021-03-25T08:09:57.430000Z,SEK,XSTO,XSTO,MonetaryAmount,N,12-------PH---,000089823,669.0,10,,,
524,13685,2021-03-25 09:10:03,2021-03-25T08:10:03.737000Z,SE0000310336,2021-03-25 09:10:03,2021-03-25T08:10:03.737000Z,SEK,XSTO,XSTO,MonetaryAmount,N,12-------PH---,000090366,668.8,1,,,
525,13684,2021-03-25 09:10:03,2021-03-25T08:10:03.737000Z,SE0000310336,2021-03-25 09:10:03,2021-03-25T08:10:03.737000Z,SEK,XSTO,XSTO,MonetaryAmount,N,12-------PH---,000090367,668.8,40,,,
526,13683,2021-03-25 09:10:05,2021-03-25T08:10:05.540000Z,SE0000310336,2021-03-25 09:10:05,2021-03-25T08:10:05.540000Z,SEK,XSTO,XSTO,MonetaryAmount,N,12-------PH---,000090605,668.8,16,,,
527,13682,2021-03-25 09:10:12,2021-03-25T08:10:12.200000Z,SE0000310336,2021-03-25 09:10:12,2021-03-25T08:10:12.200000Z,SEK,XSTO,XSTO,MonetaryAmount,N,12-------PH---,000091234,669.0,2,,,
528,13681,2021-03-25 09:10:12,2021-03-25T08:10:12.877000Z,SE0000310336,2021-03-25 09:10:12,2021-03-25T08:10:12.877000Z,SEK,XSTO,XSTO,MonetaryAmount,N,12-------PH---,000091278,668.8,90,,,
