,index,ExecutionTime,ExecutionTimeUTC,ISIN,PublicationTime,PublicationTimeUTC,CCY,Venueofexecution(MICCode),Venueofpublication(MICCode),Pricenotation,Transactiontobecleared,MMTFlags,TransactionIDCode,Price,Volume,Buyer,Seller,Tradetype
0,6769,2021-03-26 09:00:02,2021-03-26T08:00:02.710000Z,SE0000310336,2021-03-26 09:00:02,2021-03-26T08:00:02.710000Z,SEK,XSTO,XSTO,MonetaryAmount,N,1O-------PH---,000012540,669.8,7,,,
1,6768,2021-03-26 09:00:02,2021-03-26T08:00:02.710000Z,SE0000310336,2021-03-26 09:00:02,2021-03-26T08:00:02.710000Z,SEK,XSTO,XSTO,MonetaryAmount,N,1O-------PH---,000012541,669.8,173,,,
2,6767,2021-03-26 09:00:02,2021-03-26T08:00:02.710000Z,SE0000310336,2021-03-26 09:00:02,2021-03-26T08:00:02.710000Z,SEK,XSTO,XSTO,MonetaryAmount,N,1O-------PH---,000012542,669.8,5,,,
3,6766,2021-03-26 09:00:02,2021-03-26T08:00:02.710000Z,SE0000310336,2021-03-26 09:00:02,2021-03-26T08:00:02.710000Z,SEK,XSTO,XSTO,MonetaryAmount,N,1O-------PH---,000012543,669.8,7,,,
4,6765,2021-03-26 09:00:02,2021-03-26T08:00:02.710000Z,SE0000310336,2021-03-26 09:00:02,2021-03-26T08:00:02.710000Z,SEK,XSTO,XSTO,MonetaryAmount,N,1O-------PH---,000012544,669.8,237,,,
5,6764,2021-03-26 09:00:02,2021-03-26T08:00:02.710000Z,SE0000310336,2021-03-26 09:00:02,2021-03-26T08:00:02.710000Z,SEK,XSTO,XSTO,MonetaryAmount,N,1O-------PH---,000012545,669.8,4,,,
6,6763,2021-03-26 09:00:02,2021-03-26T08:00:02.710000Z,SE0000310336,2021-03-26 09:00:02,2021-03-26T08:00:02.710000Z,SEK,XSTO,XSTO,MonetaryAmount,N,1O-------PH---,000012546,669.8,43,,,
7,6762,2021-03-26 09:00:02,2021-03-26T08:00:02.710000Z,SE0000310336,2021-03-26 09:00:02,2021-03-26T08:00:02.710000Z,SEK,XSTO,XSTO,MonetaryAmount,N,1O-------PH---,000012547,669.8,2,,,
8,6761,2021-03-26 09:00:02,2021-03-26T08:00:02.710000Z,SE0000310336,2021-03-26 09:00:02,2021-03-26T08:00:02.710000Z,SEK,XSTO,XSTO,MonetaryAmount,N,1O-------PH---,000012548,669.8,6,,,
9,6760,2021-03-26 09:00:02,2021-03-26T08:00:02.710000Z,SE0000310336,2021-03-26 09:00:02,2021-03-26T08:00:02.710000Z,SEK,XSTO,XSTO,MonetaryAmount,N,1O-------PH---,000012549,669.8,10,,,
10,6759,2021-03-26 09:00:02,2021-03-26T08:00:02.710000Z,SE0000310336,2021-03-26 09:00:02,2021-03-26T08:00:02.710000Z,SEK,XSTO,XSTO,MonetaryAmount,N,1O-------PH---,000012550,669.8,163,,,
11,6758,2021-03-26 09:00:02,2021-03-26T08:00:02.710000Z,SE0000310336,2021-03-26 09:00:02,2021-03-26T08:00:02.710000Z,SEK,XSTO,XSTO,MonetaryAmount,N,1O-------PH---,000012551,669.8,58,,,
12,6757,2021-03-26 09:00:02,2021-03-26T08:00:02.710000Z,SE0000310336,2021-03-26 09:00:02,2021-03-26T08:00:02.710000Z,SEK,XSTO,XSTO,MonetaryAmount,N,1O-------PH---,000012552,669.8,2,,,
13,6756,2021-03-26 09:00:02,2021-03-26T08:00:02.710000Z,SE0000310336,2021-03-26 09:00:02,2021-03-26T08:00:02.710000Z,SEK,XSTO,XSTO,MonetaryAmount,N,1O-------PH---,000012553,669.8,9,,,
14,6755,2021-03-26 09:00:02,2021-03-26T08:00:02.710000Z,SE0000310336,2021-03-26 09:00:02,2021-03-26T08:00:02.710000Z,SEK,XSTO,XSTO,MonetaryAmount,N,1O-------PH---,000012554,669.8,43,,,
15,6754,2021-03-26 09:00:02,2021-03-26T08:00:02.710000Z,SE0000310336,2021-03-26 09:00:02,2021-03-26T08:00:02.710000Z,SEK,XSTO,XSTO,MonetaryAmount,N,1O-------PH---,000012555,669.8,8,,,
16,6753,2021-03-26 09:00:02,2021-03-26T08:00:02.710000Z,SE0000310336,2021-03-26 09:00:02,2021-03-26T08:00:02.710000Z,SEK,XSTO,XSTO,MonetaryAmount,N,1O-------PH---,000012556,669.8,20,,,
17,6752,2021-03-26 09:00:02,2021-03-26T08:00:02.710000Z,SE0000310336,2021-03-26 09:00:02,2021-03-26T08:00:02.710000Z,SEK,XSTO,XSTO,MonetaryAmount,N,1O-------PH---,000012557,669.8,26,,,
18,6751,2021-03-26 09:00:02,2021-03-26T08:00:02.710000Z,SE0000310336,2021-03-26 09:00:02,2021-03-26T08:00:02.710000Z,SEK,XSTO,XSTO,MonetaryAmount,N,1O-------PH---,000012558,669.8,3,,,
19,6750,2021-03-26 09:00:02,2021-03-26T08:00:02.710000Z,SE0000310336,2021-03-26 09:00:02,2021-03-26T08:00:02.710000Z,SEK,XSTO,XSTO,MonetaryAmount,N,1O-------PH---,000012559,669.8,251,,,
20,6749,2021-03-26 09:00:02,2021-03-26T08:00:02.710000Z,SE0000310336,2021-03-26 09:00:02,2021-03-26T08:00:02.710000Z,SEK,XSTO,XSTO,MonetaryAmount,N,1O-------PH---,000012560,669.8,4,,,
21,6748,2021-03-26 09:00:02,2021-03-26T08:00:02.710000Z,SE0000310336,2021-03-26 09:00:02,2021-03-26T08:00:02.710000Z,SEK,XSTO,XSTO,MonetaryAmount,N,1O-------PH---,000012561,669.8,50,,,
22,6747,2021-03-26 09:00:02,2021-03-26T08:00:02.710000Z,SE0000310336,2021-03-26 09:00:02,2021-03-26T08:00:02.710000Z,SEK,XSTO,XSTO,MonetaryAmount,N,1O-------PH---,000012562,669.8,7,,,
23,6746,2021-03-26 09:00:02,2021-03-26T08:00:02.710000Z,SE0000310336,2021-03-26 09:00:02,2021-03-26T08:00:02.710000Z,SEK,XSTO,XSTO,MonetaryAmount,N,1O-------PH---,000012563,669.8,24,,,
24,6745,2021-03-26 09:00:02,2021-03-26T08:00:02.710000Z,SE0000310336,2021-03-26 09:00:02,2021-03-26T08:00:02.710000Z,SEK,XSTO,XSTO,MonetaryAmount,N,1O-------PH---,000012564,669.8,135,,,
25,6744,2021-03-26 09:00:02,2021-03-26T08:00:02.710000Z,SE0000310336,2021-03-26 09:00:02,2021-03-26T08:00:02.710000Z,SEK,XSTO,XSTO,MonetaryAmount,N,1O-------PH---,000012565,669.8,28,,,
26,6743,2021-03-26 09:00:02,2021-03-26T08:00:02.710000Z,SE0000310336,2021-03-26 09:00:02,2021-03-26T08:00:02.710000Z,SEK,XSTO,XSTO,MonetaryAmount,N,1O-------PH---,000012566,669.8,39,,,
27,6742,2021-03-26 09:00:02,2021-03-26T08:00:02.710000Z,SE0000310336,2021-03-26 09:00:02,2021-03-26T08:00:02.710000Z,SEK,XSTO,XSTO,MonetaryAmount,N,1O-------PH---,000012567,669.8,15,,,
28,6741,2021-03-26 09:00:02,2021-03-26T08:00:02.710000Z,SE0000310336,2021-03-26 09:00:02,2021-03-26T08:00:02.710000Z,SEK,XSTO,XSTO,MonetaryAmount,N,1O-------PH---,000012568,669.8,26,,,
29,6740,2021-03-26 09:00:02,2021-03-26T08:00:02.710000Z,SE0000310336,2021-03-26 09:00:02,2021-03-26T08:00:02.710000Z,SEK,XSTO,XSTO,MonetaryAmount,N,1O-------PH---,000012569,669.8,60,,,
30,6739,2021-03-26 09:00:02,2021-03-26T08:00:02.710000Z,SE0000310336,2021-03-26 09:00:02,2021-03-26T08:00:02.710000Z,SEK,XSTO,XSTO,MonetaryAmount,N,1O-------PH---,000012570,669.8,52,,,
31,6738,2021-03-26 09:00:02,2021-03-26T08:00:02.710000Z,SE0000310336,2021-03-26 09:00:02,2021-03-26T08:00:02.710000Z,SEK,XSTO,XSTO,MonetaryAmount,N,1O-------PH---,000012571,669.8,19,,,
32,6737,2021-03-26 09:00:02,2021-03-26T08:00:02.710000Z,SE0000310336,2021-03-26 09:00:02,2021-03-26T08:00:02.710000Z,SEK,XSTO,XSTO,MonetaryAmount,N,1O-------PH---,000012572,669.8,133,,,
33,6736,2021-03-26 09:00:02,2021-03-26T08:00:02.710000Z,SE0000310336,2021-03-26 09:00:02,2021-03-26T08:00:02.710000Z,SEK,XSTO,XSTO,MonetaryAmount,N,1O-------PH---,000012573,669.8,108,,,
34,6735,2021-03-26 09:00:02,2021-03-26T08:00:02.710000Z,SE0000310336,2021-03-26 09:00:02,2021-03-26T08:00:02.710000Z,SEK,XSTO,XSTO,MonetaryAmount,N,1O-------PH---,000012574,669.8,31,,,
35,6734,2021-03-26 09:00:02,2021-03-26T08:00:02.710000Z,SE0000310336,2021-03-26 09:00:02,2021-03-26T08:00:02.713000Z,SEK,XSTO,XSTO,MonetaryAmount,N,1O-------PH---,000012575,669.8,564,,,
36,6733,2021-03-26 09:00:02,2021-03-26T08:00:02.710000Z,SE0000310336,2021-03-26 09:00:02,2021-03-26T08:00:02.713000Z,SEK,XSTO,XSTO,MonetaryAmount,N,1O-------PH---,000012576,669.8,261,,,
37,6732,2021-03-26 09:00:02,2021-03-26T08:00:02.710000Z,SE0000310336,2021-03-26 09:00:02,2021-03-26T08:00:02.713000Z,SEK,XSTO,XSTO,MonetaryAmount,N,1O-------PH---,000012577,669.8,126,,,
38,6731,2021-03-26 09:00:02,2021-03-26T08:00:02.710000Z,SE0000310336,2021-03-26 09:00:02,2021-03-26T08:00:02.713000Z,SEK,XSTO,XSTO,MonetaryAmount,N,1O-------PH---,000012578,669.8,733,,,
39,6730,2021-03-26 09:00:02,2021-03-26T08:00:02.710000Z,SE0000310336,2021-03-26 09:00:02,2021-03-26T08:00:02.713000Z,SEK,XSTO,XSTO,MonetaryAmount,N,1O-------PH---,000012579,669.8,103,,,
40,6729,2021-03-26 09:00:02,2021-03-26T08:00:02.710000Z,SE0000310336,2021-03-26 09:00:02,2021-03-26T08:00:02.713000Z,SEK,XSTO,XSTO,MonetaryAmount,N,1O-------PH---,000012580,669.8,55,,,
41,6728,2021-03-26 09:00:02,2021-03-26T08:00:02.710000Z,SE0000310336,2021-03-26 09:00:02,2021-03-26T08:00:02.713000Z,SEK,XSTO,XSTO,MonetaryAmount,N,1O-------PH---,000012581,669.8,111,,,
42,6727,2021-03-26 09:00:02,2021-03-26T08:00:02.710000Z,SE0000310336,2021-03-26 09:00:02,2021-03-26T08:00:02.713000Z,SEK,XSTO,XSTO,MonetaryAmount,N,1O-------PH---,000012582,669.8,131,,,
43,6726,2021-03-26 09:00:02,2021-03-26T08:00:02.710000Z,SE0000310336,2021-03-26 09:00:02,2021-03-26T08:00:02.713000Z,SEK,XSTO,XSTO,MonetaryAmount,N,1O-------PH---,000012583,669.8,11,,,
44,6725,2021-03-26 09:00:02,2021-03-26T08:00:02.710000Z,SE0000310336,2021-03-26 09:00:02,2021-03-26T08:00:02.713000Z,SEK,XSTO,XSTO,MonetaryAmount,N,1O-------PH---,000012584,669.8,11,,,
45,6724,2021-03-26 09:00:02,2021-03-26T08:00:02.710000Z,SE0000310336,2021-03-26 09:00:02,2021-03-26T08:00:02.713000Z,SEK,XSTO,XSTO,MonetaryAmount,N,1O-------PH---,000012585,669.8,11,,,
46,6723,2021-03-26 09:00:02,2021-03-26T08:00:02.710000Z,SE0000310336,2021-03-26 09:00:02,2021-03-26T08:00:02.713000Z,SEK,XSTO,XSTO,MonetaryAmount,N,1O-------PH---,000012586,669.8,11,,,
47,6722,2021-03-26 09:00:02,2021-03-26T08:00:02.710000Z,SE0000310336,2021-03-26 09:00:02,2021-03-26T08:00:02.713000Z,SEK,XSTO,XSTO,MonetaryAmount,N,1O-------PH---,000012587,669.8,131,,,
48,6721,2021-03-26 09:00:02,2021-03-26T08:00:02.710000Z,SE0000310336,2021-03-26 09:00:02,2021-03-26T08:00:02.713000Z,SEK,XSTO,XSTO,MonetaryAmount,N,1O-------PH---,000012588,669.8,131,,,
49,6720,2021-03-26 09:00:02,2021-03-26T08:00:02.710000Z,SE0000310336,2021-03-26 09:00:02,2021-03-26T08:00:02.713000Z,SEK,XSTO,XSTO,MonetaryAmount,N,1O-------PH---,000012589,669.8,131,,,
50,6719,2021-03-26 09:00:02,2021-03-26T08:00:02.710000Z,SE0000310336,2021-03-26 09:00:02,2021-03-26T08:00:02.713000Z,SEK,XSTO,XSTO,MonetaryAmount,N,1O-------PH---,000012590,669.8,131,,,
51,6718,2021-03-26 09:00:02,2021-03-26T08:00:02.710000Z,SE0000310336,2021-03-26 09:00:02,2021-03-26T08:00:02.713000Z,SEK,XSTO,XSTO,MonetaryAmount,N,1O-------PH---,000012591,669.8,131,,,
52,6717,2021-03-26 09:00:02,2021-03-26T08:00:02.710000Z,SE0000310336,2021-03-26 09:00:02,2021-03-26T08:00:02.713000Z,SEK,XSTO,XSTO,MonetaryAmount,N,1O-------PH---,000012592,669.8,12,,,
53,6716,2021-03-26 09:00:02,2021-03-26T08:00:02.710000Z,SE0000310336,2021-03-26 09:00:02,2021-03-26T08:00:02.713000Z,SEK,XSTO,XSTO,MonetaryAmount,N,1O-------PH---,000012593,669.8,78,,,
54,6715,2021-03-26 09:00:02,2021-03-26T08:00:02.710000Z,SE0000310336,2021-03-26 09:00:02,2021-03-26T08:00:02.713000Z,SEK,XSTO,XSTO,MonetaryAmount,N,1O-------PH---,000012594,669.8,40,,,
55,6714,2021-03-26 09:00:02,2021-03-26T08:00:02.710000Z,SE0000310336,2021-03-26 09:00:02,2021-03-26T08:00:02.713000Z,SEK,XSTO,XSTO,MonetaryAmount,N,1O-------PH---,000012595,669.8,67,,,
56,6713,2021-03-26 09:00:02,2021-03-26T08:00:02.710000Z,SE0000310336,2021-03-26 09:00:02,2021-03-26T08:00:02.713000Z,SEK,XSTO,XSTO,MonetaryAmount,N,1O-------PH---,000012596,669.8,159,,,
57,6712,2021-03-26 09:00:02,2021-03-26T08:00:02.710000Z,SE0000310336,2021-03-26 09:00:02,2021-03-26T08:00:02.713000Z,SEK,XSTO,XSTO,MonetaryAmount,N,1O-------PH---,000012597,669.8,99,,,
58,6711,2021-03-26 09:00:02,2021-03-26T08:00:02.710000Z,SE0000310336,2021-03-26 09:00:02,2021-03-26T08:00:02.713000Z,SEK,XSTO,XSTO,MonetaryAmount,N,1O-------PH---,000012598,669.8,131,,,
59,6710,2021-03-26 09:00:02,2021-03-26T08:00:02.710000Z,SE0000310336,2021-03-26 09:00:02,2021-03-26T08:00:02.713000Z,SEK,XSTO,XSTO,MonetaryAmount,N,1O-------PH---,000012599,669.8,11,,,
60,6709,2021-03-26 09:00:02,2021-03-26T08:00:02.710000Z,SE0000310336,2021-03-26 09:00:02,2021-03-26T08:00:02.713000Z,SEK,XSTO,XSTO,MonetaryAmount,N,1O-------PH---,000012600,669.8,35,,,
61,6708,2021-03-26 09:00:02,2021-03-26T08:00:02.710000Z,SE0000310336,2021-03-26 09:00:02,2021-03-26T08:00:02.713000Z,SEK,XSTO,XSTO,MonetaryAmount,N,1O-------PH---,000012601,669.8,28,,,
62,6707,2021-03-26 09:00:02,2021-03-26T08:00:02.710000Z,SE0000310336,2021-03-26 09:00:02,2021-03-26T08:00:02.713000Z,SEK,XSTO,XSTO,MonetaryAmount,N,1O-------PH---,000012602,669.8,50,,,
63,6706,2021-03-26 09:00:02,2021-03-26T08:00:02.710000Z,SE0000310336,2021-03-26 09:00:02,2021-03-26T08:00:02.713000Z,SEK,XSTO,XSTO,MonetaryAmount,N,1O-------PH---,000012603,669.8,28,,,
64,6705,2021-03-26 09:00:02,2021-03-26T08:00:02.710000Z,SE0000310336,2021-03-26 09:00:02,2021-03-26T08:00:02.713000Z,SEK,XSTO,XSTO,MonetaryAmount,N,1O-------PH---,000012604,669.8,2,,,
65,6704,2021-03-26 09:00:02,2021-03-26T08:00:02.710000Z,SE0000310336,2021-03-26 09:00:02,2021-03-26T08:00:02.713000Z,SEK,XSTO,XSTO,MonetaryAmount,N,1O-------PH---,000012605,669.8,7,,,
66,6703,2021-03-26 09:00:02,2021-03-26T08:00:02.710000Z,SE0000310336,2021-03-26 09:00:02,2021-03-26T08:00:02.713000Z,SEK,XSTO,XSTO,MonetaryAmount,N,1O-------PH---,000012606,669.8,1,,,
67,6702,2021-03-26 09:00:02,2021-03-26T08:00:02.710000Z,SE0000310336,2021-03-26 09:00:02,2021-03-26T08:00:02.713000Z,SEK,XSTO,XSTO,MonetaryAmount,N,1O-------PH---,000012607,669.8,10,,,
68,6701,2021-03-26 09:00:02,2021-03-26T08:00:02.710000Z,SE0000310336,2021-03-26 09:00:02,2021-03-26T08:00:02.713000Z,SEK,XSTO,XSTO,MonetaryAmount,N,1O-------PH---,000012608,669.8,5,,,
69,6700,2021-03-26 09:00:02,2021-03-26T08:00:02.710000Z,SE0000310336,2021-03-26 09:00:02,2021-03-26T08:00:02.713000Z,SEK,XSTO,XSTO,MonetaryAmount,N,1O-------PH---,000012609,669.8,59,,,
70,6699,2021-03-26 09:00:02,2021-03-26T08:00:02.710000Z,SE0000310336,2021-03-26 09:00:02,2021-03-26T08:00:02.713000Z,SEK,XSTO,XSTO,MonetaryAmount,N,1O-------PH---,000012610,669.8,10,,,
71,6698,2021-03-26 09:00:02,2021-03-26T08:00:02.710000Z,SE0000310336,2021-03-26 09:00:02,2021-03-26T08:00:02.713000Z,SEK,XSTO,XSTO,MonetaryAmount,N,1O-------PH---,000012611,669.8,1,,,
72,6697,2021-03-26 09:00:02,2021-03-26T08:00:02.710000Z,SE0000310336,2021-03-26 09:00:02,2021-03-26T08:00:02.713000Z,SEK,XSTO,XSTO,MonetaryAmount,N,1O-------PH---,000012612,669.8,3,,,
73,6696,2021-03-26 09:00:02,2021-03-26T08:00:02.710000Z,SE0000310336,2021-03-26 09:00:02,2021-03-26T08:00:02.713000Z,SEK,XSTO,XSTO,MonetaryAmount,N,1O-------PH---,000012613,669.8,8,,,
74,6695,2021-03-26 09:00:02,2021-03-26T08:00:02.740000Z,SE0000310336,2021-03-26 09:00:02,2021-03-26T08:00:02.740000Z,SEK,XSTO,XSTO,MonetaryAmount,N,12-------PH---,000012630,669.8,50,,,
75,6694,2021-03-26 09:00:02,2021-03-26T08:00:02.740000Z,SE0000310336,2021-03-26 09:00:02,2021-03-26T08:00:02.740000Z,SEK,XSTO,XSTO,MonetaryAmount,N,12-------PH---,000012631,669.8,10,,,
76,6693,2021-03-26 09:00:02,2021-03-26T08:00:02.763000Z,SE0000310336,2021-03-26 09:00:02,2021-03-26T08:00:02.763000Z,SEK,XSTO,XSTO,MonetaryAmount,N,12-------PH---,000012696,670.0,2,,,
77,6692,2021-03-26 09:00:02,2021-03-26T08:00:02.763000Z,SE0000310336,2021-03-26 09:00:02,2021-03-26T08:00:02.763000Z,SEK,XSTO,XSTO,MonetaryAmount,N,12-------PH---,000012697,670.0,133,,,
78,6691,2021-03-26 09:00:02,2021-03-26T08:00:02.787000Z,SE0000310336,2021-03-26 09:00:02,2021-03-26T08:00:02.787000Z,SEK,XSTO,XSTO,MonetaryAmount,N,12-------PH---,000012903,670.0,30,,,
79,6690,2021-03-26 09:00:03,2021-03-26T08:00:03.153000Z,SE0000310336,2021-03-26 09:00:03,2021-03-26T08:00:03.153000Z,SEK,XSTO,XSTO,MonetaryAmount,N,12-------PH---,000014679,670.0,29,,,
80,6689,2021-03-26 09:00:04,2021-03-26T08:00:04.017000Z,SE0000310336,2021-03-26 09:00:04,2021-03-26T08:00:04.017000Z,SEK,XSTO,XSTO,MonetaryAmount,N,12-------PH---,000018706,671.0,87,,,
81,6688,2021-03-26 09:00:04,2021-03-26T08:00:04.590000Z,SE0000310336,2021-03-26 09:00:04,2021-03-26T08:00:04.590000Z,SEK,XSTO,XSTO,MonetaryAmount,N,12-------PH---,000020731,671.4,8,,,
82,6687,2021-03-26 09:00:04,2021-03-26T08:00:04.590000Z,SE0000310336,2021-03-26 09:00:04,2021-03-26T08:00:04.590000Z,SEK,XSTO,XSTO,MonetaryAmount,N,12-------PH---,000020732,671.4,35,,,
83,6686,2021-03-26 09:00:04,2021-03-26T08:00:04.590000Z,SE0000310336,2021-03-26 09:00:04,2021-03-26T08:00:04.590000Z,SEK,XSTO,XSTO,MonetaryAmount,N,12-------PH---,000020733,671.4,75,,,
84,6685,2021-03-26 09:00:06,2021-03-26T08:00:06.820000Z,SE0000310336,2021-03-26 09:00:06,2021-03-26T08:00:06.820000Z,SEK,XSTO,XSTO,MonetaryAmount,N,12-------PH---,000023296,671.6,3,,,
85,6684,2021-03-26 09:00:07,2021-03-26T08:00:07.160000Z,SE0000310336,2021-03-26 09:00:07,2021-03-26T08:00:07.160000Z,SEK,XSTO,XSTO,MonetaryAmount,N,12-------PH---,000023337,671.6,6,,,
86,6683,2021-03-26 09:00:07,2021-03-26T08:00:07.180000Z,SE0000310336,2021-03-26 09:00:07,2021-03-26T08:00:07.180000Z,SEK,XSTO,XSTO,MonetaryAmount,N,12-------PH---,000023348,672.8,78,,,
87,6682,2021-03-26 09:00:12,2021-03-26T08:00:12.890000Z,SE0000310336,2021-03-26 09:00:12,2021-03-26T08:00:12.890000Z,SEK,XSTO,XSTO,MonetaryAmount,N,12-------PH---,000024257,673.4,18,,,
88,6681,2021-03-26 09:00:15,2021-03-26T08:00:15.807000Z,SE0000310336,2021-03-26 09:00:15,2021-03-26T08:00:15.807000Z,SEK,XSTO,XSTO,MonetaryAmount,N,12-------PH---,000024546,673.4,116,,,
89,6680,2021-03-26 09:00:15,2021-03-26T08:00:15.807000Z,SE0000310336,2021-03-26 09:00:15,2021-03-26T08:00:15.807000Z,SEK,XSTO,XSTO,MonetaryAmount,N,12-------PH---,000024547,673.4,71,,,
90,6679,2021-03-26 09:00:17,2021-03-26T08:00:17.300000Z,SE0000310336,2021-03-26 09:00:17,2021-03-26T08:00:17.300000Z,SEK,XSTO,XSTO,MonetaryAmount,N,12-------PH---,000024632,673.0,100,,,
91,6678,2021-03-26 09:00:17,2021-03-26T08:00:17.300000Z,SE0000310336,2021-03-26 09:00:17,2021-03-26T08:00:17.300000Z,SEK,XSTO,XSTO,MonetaryAmount,N,12-------PH---,000024633,673.0,119,,,
92,6677,2021-03-26 09:00:17,2021-03-26T08:00:17.320000Z,SE0000310336,2021-03-26 09:00:17,2021-03-26T08:00:17.320000Z,SEK,XSTO,XSTO,MonetaryAmount,N,12-------PH---,000024634,673.0,11,,,
93,6676,2021-03-26 09:00:18,2021-03-26T08:00:18.930000Z,SE0000310336,2021-03-26 09:00:18,2021-03-26T08:00:18.930000Z,SEK,XSTO,XSTO,MonetaryAmount,N,12-------PH---,000024714,673.0,89,,,
94,6675,2021-03-26 09:00:21,2021-03-26T08:00:21.583000Z,SE0000310336,2021-03-26 09:00:21,2021-03-26T08:00:21.583000Z,SEK,XSTO,XSTO,MonetaryAmount,N,12-------PH---,000024910,672.2,13,,,
95,6674,2021-03-26 09:00:24,2021-03-26T08:00:24.417000Z,SE0000310336,2021-03-26 09:00:24,2021-03-26T08:00:24.417000Z,SEK,XSTO,XSTO,MonetaryAmount,N,12-------PH---,000025205,672.2,26,,,
96,6673,2021-03-26 09:00:24,2021-03-26T08:00:24.417000Z,SE0000310336,2021-03-26 09:00:24,2021-03-26T08:00:24.417000Z,SEK,XSTO,XSTO,MonetaryAmount,N,12-------PH---,000025206,672.2,83,,,
97,6672,2021-03-26 09:00:27,2021-03-26T08:00:27.443000Z,SE0000310336,2021-03-26 09:00:27,2021-03-26T08:00:27.443000Z,SEK,XSTO,XSTO,MonetaryAmount,N,12-------PH---,000025541,671.8,87,,,
98,6671,2021-03-26 09:00:29,2021-03-26T08:00:29.393000Z,SE0000310336,2021-03-26 09:00:29,2021-03-26T08:00:29.393000Z,SEK,XSTO,XSTO,MonetaryAmount,N,12-------PH---,000025852,671.4,87,,,
99,6670,2021-03-26 09:00:29,2021-03-26T08:00:29.393000Z,SE0000310336,2021-03-26 09:00:29,2021-03-26T08:00:29.393000Z,SEK,XSTO,XSTO,MonetaryAmount,N,12-------PH---,000025853,671.4,45,,,
100,6669,2021-03-26 09:00:32,2021-03-26T08:00:32.253000Z,SE0000310336,2021-03-26 09:00:32,2021-03-26T08:00:32.253000Z,SEK,XSTO,XSTO,MonetaryAmount,N,12-------PH---,000026211,671.2,35,,,
101,6668,2021-03-26 09:00:32,2021-03-26T08:00:32.253000Z,SE0000310336,2021-03-26 09:00:32,2021-03-26T08:00:32.253000Z,SEK,XSTO,XSTO,MonetaryAmount,N,12-------PH---,000026212,671.2,85,,,
102,6667,2021-03-26 09:00:32,2021-03-26T08:00:32.290000Z,SE0000310336,2021-03-26 09:00:32,2021-03-26T08:00:32.290000Z,SEK,XSTO,XSTO,MonetaryAmount,N,12-------PH---,000026219,671.0,51,,,
103,6666,2021-03-26 09:00:39,2021-03-26T08:00:39.803000Z,SE0000310336,2021-03-26 09:00:39,2021-03-26T08:00:39.803000Z,SEK,XSTO,XSTO,MonetaryAmount,N,45-3-----PH---,F050033884,671.6,1,,,Standard Routed Trade
104,6665,2021-03-26 09:00:42,2021-03-26T08:00:42.337000Z,SE0000310336,2021-03-26 09:00:42,2021-03-26T08:00:42.337000Z,SEK,XSTO,XSTO,MonetaryAmount,N,12-------PH---,000027206,671.0,17,,,
105,6664,2021-03-26 09:00:42,2021-03-26T08:00:42.337000Z,SE0000310336,2021-03-26 09:00:42,2021-03-26T08:00:42.340000Z,SEK,XSTO,XSTO,MonetaryAmount,N,12-------PH---,000027207,671.0,13,,,
106,6663,2021-03-26 09:00:44,2021-03-26T08:00:44.367000Z,SE0000310336,2021-03-26 09:00:44,2021-03-26T08:00:44.367000Z,SEK,XSTO,XSTO,MonetaryAmount,N,12-------PH---,000027411,670.2,360,,,
107,6662,2021-03-26 09:00:44,2021-03-26T08:00:44.367000Z,SE0000310336,2021-03-26 09:00:44,2021-03-26T08:00:44.367000Z,SEK,XSTO,XSTO,MonetaryAmount,N,12-------PH---,000027412,670.2,68,,,
108,6661,2021-03-26 09:00:44,2021-03-26T08:00:44.367000Z,SE0000310336,2021-03-26 09:00:44,2021-03-26T08:00:44.367000Z,SEK,XSTO,XSTO,MonetaryAmount,N,12-------PH---,000027413,670.2,51,,,
109,6660,2021-03-26 09:00:45,2021-03-26T08:00:45.843000Z,SE0000310336,2021-03-26 09:00:45,2021-03-26T08:00:45.843000Z,SEK,XSTO,XSTO,MonetaryAmount,N,45-3-----PH---,F050034431,671.2,2,,,Standard Routed Trade
110,6659,2021-03-26 09:00:47,2021-03-26T08:00:47.970000Z,SE0000310336,2021-03-26 09:00:47,2021-03-26T08:00:47.970000Z,SEK,XSTO,XSTO,MonetaryAmount,N,12-------PH---,000027673,671.0,6,,,
111,6658,2021-03-26 09:00:47,2021-03-26T08:00:47.970000Z,SE0000310336,2021-03-26 09:00:47,2021-03-26T08:00:47.970000Z,SEK,XSTO,XSTO,MonetaryAmount,N,12-------PH---,000027674,671.0,70,,,
112,6657,2021-03-26 09:00:47,2021-03-26T08:00:47.970000Z,SE0000310336,2021-03-26 09:00:47,2021-03-26T08:00:47.970000Z,SEK,XSTO,XSTO,MonetaryAmount,N,12-------PH---,000027675,671.0,76,,,
113,6656,2021-03-26 09:00:47,2021-03-26T08:00:47.970000Z,SE0000310336,2021-03-26 09:00:47,2021-03-26T08:00:47.970000Z,SEK,XSTO,XSTO,MonetaryAmount,N,12-------PH---,000027676,671.0,90,,,
114,6655,2021-03-26 09:00:47,2021-03-26T08:00:47.970000Z,SE0000310336,2021-03-26 09:00:47,2021-03-26T08:00:47.970000Z,SEK,XSTO,XSTO,MonetaryAmount,N,12-------PH---,000027677,671.0,4,,,
115,6654,2021-03-26 09:00:53,2021-03-26T08:00:53.930000Z,SE0000310336,2021-03-26 09:00:53,2021-03-26T08:00:53.930000Z,SEK,XSTO,XSTO,MonetaryAmount,N,12-------P----,000028639,670.8,4,,,
116,6653,2021-03-26 09:00:53,2021-03-26T08:00:53.930000Z,SE0000310336,2021-03-26 09:00:53,2021-03-26T08:00:53.930000Z,SEK,XSTO,XSTO,MonetaryAmount,N,12-------PH---,000028640,670.8,111,,,
117,6652,2021-03-26 09:00:54,2021-03-26T08:00:54.967000Z,SE0000310336,2021-03-26 09:00:54,2021-03-26T08:00:54.967000Z,SEK,XSTO,XSTO,MonetaryAmount,N,12-------PH---,000028763,671.0,1,,,
118,6651,2021-03-26 09:01:01,2021-03-26T08:01:01.863000Z,SE0000310336,2021-03-26 09:01:01,2021-03-26T08:01:01.863000Z,SEK,XSTO,XSTO,MonetaryAmount,N,12-------PH---,000029476,671.0,99,,,
119,6650,2021-03-26 09:01:11,2021-03-26T08:01:11.123000Z,SE0000310336,2021-03-26 09:01:11,2021-03-26T08:01:11.123000Z,SEK,XSTO,XSTO,MonetaryAmount,N,12-------PH---,000030730,671.0,7,,,
120,6649,2021-03-26 09:01:11,2021-03-26T08:01:11.123000Z,SE0000310336,2021-03-26 09:01:11,2021-03-26T08:01:11.123000Z,SEK,XSTO,XSTO,MonetaryAmount,N,12-------PH---,000030731,671.0,33,,,
121,6648,2021-03-26 09:01:19,2021-03-26T08:01:19.707000Z,SE0000310336,2021-03-26 09:01:19,2021-03-26T08:01:19.707000Z,SEK,XSTO,XSTO,MonetaryAmount,N,12-------PH---,000031359,671.2,25,,,
122,6647,2021-03-26 09:01:25,2021-03-26T08:01:25.717000Z,SE0000310336,2021-03-26 09:01:25,2021-03-26T08:01:25.717000Z,SEK,XSTO,XSTO,MonetaryAmount,N,12-------PH---,000032034,671.0,2,,,
123,6646,2021-03-26 09:01:25,2021-03-26T08:01:25.717000Z,SE0000310336,2021-03-26 09:01:25,2021-03-26T08:01:25.717000Z,SEK,XSTO,XSTO,MonetaryAmount,N,12-------PH---,000032035,671.0,130,,,
124,6645,2021-03-26 09:01:32,2021-03-26T08:01:32.357000Z,SE0000310336,2021-03-26 09:01:32,2021-03-26T08:01:32.360000Z,SEK,XSTO,XSTO,MonetaryAmount,N,12-------PH---,000032492,671.0,5,,,
125,6644,2021-03-26 09:01:33,2021-03-26T08:01:33.990000Z,SE0000310336,2021-03-26 09:01:33,2021-03-26T08:01:33.990000Z,SEK,XSTO,XSTO,MonetaryAmount,N,12-------PH---,000032619,671.2,100,,,
126,6643,2021-03-26 09:01:35,2021-03-26T08:01:35.703000Z,SE0000310336,2021-03-26 09:01:35,2021-03-26T08:01:35.703000Z,SEK,XSTO,XSTO,MonetaryAmount,N,12-------PH---,000032739,671.4,23,,,
127,6642,2021-03-26 09:01:35,2021-03-26T08:01:35.753000Z,SE0000310336,2021-03-26 09:01:35,2021-03-26T08:01:35.753000Z,SEK,XSTO,XSTO,MonetaryAmount,N,12-------PH---,000032741,671.4,8,,,
128,6641,2021-03-26 09:01:43,2021-03-26T08:01:43.643000Z,SE0000310336,2021-03-26 09:01:43,2021-03-26T08:01:43.643000Z,SEK,XSTO,XSTO,MonetaryAmount,N,12-------P----,000033472,671.6,3,,,
129,6640,2021-03-26 09:01:46,2021-03-26T08:01:46.790000Z,SE0000310336,2021-03-26 09:01:46,2021-03-26T08:01:46.790000Z,SEK,XSTO,XSTO,MonetaryAmount,N,12-------PH---,000033772,672.0,90,,,
130,6639,2021-03-26 09:01:47,2021-03-26T08:01:47.917000Z,SE0000310336,2021-03-26 09:01:47,2021-03-26T08:01:47.917000Z,SEK,XSTO,XSTO,MonetaryAmount,N,12-------PH---,000033930,672.2,120,,,
131,6638,2021-03-26 09:01:50,2021-03-26T08:01:50.093000Z,SE0000310336,2021-03-26 09:01:50,2021-03-26T08:01:50.093000Z,SEK,XSTO,XSTO,MonetaryAmount,N,12-------PH---,000034159,672.0,75,,,
132,6637,2021-03-26 09:01:50,2021-03-26T08:01:50.093000Z,SE0000310336,2021-03-26 09:01:50,2021-03-26T08:01:50.093000Z,SEK,XSTO,XSTO,MonetaryAmount,N,12-------PH---,000034160,672.0,15,,,
133,6636,2021-03-26 09:01:50,2021-03-26T08:01:50.093000Z,SE0000310336,2021-03-26 09:01:50,2021-03-26T08:01:50.093000Z,SEK,XSTO,XSTO,MonetaryAmount,N,12-------PH---,000034161,672.0,33,,,
134,6635,2021-03-26 09:01:55,2021-03-26T08:01:55.987000Z,SE0000310336,2021-03-26 09:01:55,2021-03-26T08:01:55.987000Z,SEK,XSTO,XSTO,MonetaryAmount,N,12-------PH---,000034697,671.6,246,,,
135,6634,2021-03-26 09:01:55,2021-03-26T08:01:55.987000Z,SE0000310336,2021-03-26 09:01:55,2021-03-26T08:01:55.987000Z,SEK,XSTO,XSTO,MonetaryAmount,N,12-------PH---,000034698,671.6,90,,,
136,6633,2021-03-26 09:01:56,2021-03-26T08:01:56.023000Z,SE0000310336,2021-03-26 09:01:56,2021-03-26T08:01:56.023000Z,SEK,XSTO,XSTO,MonetaryAmount,N,12-------PH---,000034702,671.4,59,,,
137,6632,2021-03-26 09:01:56,2021-03-26T08:01:56.023000Z,SE0000310336,2021-03-26 09:01:56,2021-03-26T08:01:56.023000Z,SEK,XSTO,XSTO,MonetaryAmount,N,12-------PH---,000034703,671.6,81,,,
138,6631,2021-03-26 09:01:58,2021-03-26T08:01:58.490000Z,SE0000310336,2021-03-26 09:01:58,2021-03-26T08:01:58.490000Z,SEK,XSTO,XSTO,MonetaryAmount,N,12-------PH---,000034872,671.2,132,,,
139,6630,2021-03-26 09:01:58,2021-03-26T08:01:58.490000Z,SE0000310336,2021-03-26 09:01:58,2021-03-26T08:01:58.490000Z,SEK,XSTO,XSTO,MonetaryAmount,N,12-------PH---,000034873,671.0,10,,,
140,6629,2021-03-26 09:01:58,2021-03-26T08:01:58.490000Z,SE0000310336,2021-03-26 09:01:58,2021-03-26T08:01:58.490000Z,SEK,XSTO,XSTO,MonetaryAmount,N,12-------PH---,000034874,671.0,111,,,
141,6628,2021-03-26 09:02:08,2021-03-26T08:02:08.867000Z,SE0000310336,2021-03-26 09:02:08,2021-03-26T08:02:08.867000Z,SEK,XSTO,XSTO,MonetaryAmount,N,12-------PH---,000035878,671.2,90,,,
142,6627,2021-03-26 09:02:08,2021-03-26T08:02:08.870000Z,SE0000310336,2021-03-26 09:02:08,2021-03-26T08:02:08.870000Z,SEK,XSTO,XSTO,MonetaryAmount,N,12-------PH---,000035879,671.4,90,,,
143,6626,2021-03-26 09:02:08,2021-03-26T08:02:08.870000Z,SE0000310336,2021-03-26 09:02:08,2021-03-26T08:02:08.870000Z,SEK,XSTO,XSTO,MonetaryAmount,N,12-------PH---,000035880,671.4,100,,,
144,6625,2021-03-26 09:02:12,2021-03-26T08:02:12.403000Z,SE0000310336,2021-03-26 09:02:12,2021-03-26T08:02:12.403000Z,SEK,XSTO,XSTO,MonetaryAmount,N,12-------PH---,000036263,671.0,90,,,
145,6624,2021-03-26 09:02:18,2021-03-26T08:02:18.227000Z,SE0000310336,2021-03-26 09:02:18,2021-03-26T08:02:18.227000Z,SEK,XSTO,XSTO,MonetaryAmount,N,12-------PH---,000036670,671.2,3,,,
146,6623,2021-03-26 09:02:18,2021-03-26T08:02:18.537000Z,SE0000310336,2021-03-26 09:02:18,2021-03-26T08:02:18.537000Z,SEK,XSTO,XSTO,MonetaryAmount,N,12-------PH---,000036694,671.2,3,,,
147,6622,2021-03-26 09:02:19,2021-03-26T08:02:19.470000Z,SE0000310336,2021-03-26 09:02:19,2021-03-26T08:02:19.470000Z,SEK,XSTO,XSTO,MonetaryAmount,N,12-------PH---,000036776,671.2,1,,,
148,6621,2021-03-26 09:02:23,2021-03-26T08:02:23.557000Z,SE0000310336,2021-03-26 09:02:23,2021-03-26T08:02:23.557000Z,SEK,XSTO,XSTO,MonetaryAmount,N,12-------PH---,000037083,671.2,1,,,
149,6620,2021-03-26 09:02:24,2021-03-26T08:02:24.380000Z,SE0000310336,2021-03-26 09:02:24,2021-03-26T08:02:24.380000Z,SEK,XSTO,XSTO,MonetaryAmount,N,12-------PH---,000037128,671.2,1,,,
150,6619,2021-03-26 09:02:41,2021-03-26T08:02:41.920000Z,SE0000310336,2021-03-26 09:02:41,2021-03-26T08:02:41.920000Z,SEK,XSTO,XSTO,MonetaryAmount,N,12-------PH---,000038444,671.2,21,,,
151,6618,2021-03-26 09:03:04,2021-03-26T08:03:04.853000Z,SE0000310336,2021-03-26 09:03:04,2021-03-26T08:03:04.853000Z,SEK,XSTO,XSTO,MonetaryAmount,N,12-------PH---,000040407,671.2,1,,,
152,6617,2021-03-26 09:03:04,2021-03-26T08:03:04.853000Z,SE0000310336,2021-03-26 09:03:04,2021-03-26T08:03:04.853000Z,SEK,XSTO,XSTO,MonetaryAmount,N,12-------PH---,000040408,671.2,66,,,
153,6616,2021-03-26 09:03:04,2021-03-26T08:03:04.873000Z,SE0000310336,2021-03-26 09:03:04,2021-03-26T08:03:04.873000Z,SEK,XSTO,XSTO,MonetaryAmount,N,12-------PH---,000040413,671.4,90,,,
154,6615,2021-03-26 09:03:04,2021-03-26T08:03:04.930000Z,SE0000310336,2021-03-26 09:03:04,2021-03-26T08:03:04.930000Z,SEK,XSTO,XSTO,MonetaryAmount,N,12-------PH---,000040420,671.6,100,,,
155,6614,2021-03-26 09:03:04,2021-03-26T08:03:04.930000Z,SE0000310336,2021-03-26 09:03:04,2021-03-26T08:03:04.930000Z,SEK,XSTO,XSTO,MonetaryAmount,N,12-------P----,000040421,671.6,2,,,
156,6613,2021-03-26 09:03:04,2021-03-26T08:03:04.947000Z,SE0000310336,2021-03-26 09:03:04,2021-03-26T08:03:04.947000Z,SEK,XSTO,XSTO,MonetaryAmount,N,12-------PH---,000040428,671.6,2,,,
157,6612,2021-03-26 09:03:04,2021-03-26T08:03:04.947000Z,SE0000310336,2021-03-26 09:03:04,2021-03-26T08:03:04.947000Z,SEK,XSTO,XSTO,MonetaryAmount,N,12-------PH---,000040429,671.4,80,,,
158,6611,2021-03-26 09:03:06,2021-03-26T08:03:06.627000Z,SE0000310336,2021-03-26 09:03:06,2021-03-26T08:03:06.627000Z,SEK,MSTO,XSTO,MonetaryAmount,N,5U-------PH---,000040635,671.2,168,,,Auction On Demand
159,6610,2021-03-26 09:03:09,2021-03-26T08:03:09.510000Z,SE0000310336,2021-03-26 09:03:09,2021-03-26T08:03:09.510000Z,SEK,XSTO,XSTO,MonetaryAmount,N,12-------PH---,000040820,671.0,1,,,
160,6609,2021-03-26 09:03:09,2021-03-26T08:03:09.510000Z,SE0000310336,2021-03-26 09:03:09,2021-03-26T08:03:09.510000Z,SEK,XSTO,XSTO,MonetaryAmount,N,12-------PH---,000040821,671.0,2,,,
161,6608,2021-03-26 09:03:17,2021-03-26T08:03:17.437000Z,SE0000310336,2021-03-26 09:03:17,2021-03-26T08:03:17.437000Z,SEK,XSTO,XSTO,MonetaryAmount,N,12-------PH---,000041382,670.8,1,,,
162,6607,2021-03-26 09:03:17,2021-03-26T08:03:17.437000Z,SE0000310336,2021-03-26 09:03:17,2021-03-26T08:03:17.437000Z,SEK,XSTO,XSTO,MonetaryAmount,N,12-------PH---,000041383,670.8,20,,,
163,6606,2021-03-26 09:03:17,2021-03-26T08:03:17.437000Z,SE0000310336,2021-03-26 09:03:17,2021-03-26T08:03:17.437000Z,SEK,XSTO,XSTO,MonetaryAmount,N,12-------PH---,000041384,670.8,13,,,
164,6605,2021-03-26 09:03:17,2021-03-26T08:03:17.500000Z,SE0000310336,2021-03-26 09:03:17,2021-03-26T08:03:17.500000Z,SEK,XSTO,XSTO,MonetaryAmount,N,12-------P----,000041390,670.6,20,,,
165,6604,2021-03-26 09:03:17,2021-03-26T08:03:17.500000Z,SE0000310336,2021-03-26 09:03:17,2021-03-26T08:03:17.500000Z,SEK,XSTO,XSTO,MonetaryAmount,N,12-------P----,000041391,670.6,74,,,
166,6603,2021-03-26 09:03:17,2021-03-26T08:03:17.500000Z,SE0000310336,2021-03-26 09:03:17,2021-03-26T08:03:17.500000Z,SEK,XSTO,XSTO,MonetaryAmount,N,12-------PH---,000041392,670.4,90,,,
167,6602,2021-03-26 09:03:17,2021-03-26T08:03:17.500000Z,SE0000310336,2021-03-26 09:03:17,2021-03-26T08:03:17.500000Z,SEK,XSTO,XSTO,MonetaryAmount,N,12-------PH---,000041393,670.4,77,,,
168,6601,2021-03-26 09:03:17,2021-03-26T08:03:17.500000Z,SE0000310336,2021-03-26 09:03:17,2021-03-26T08:03:17.500000Z,SEK,XSTO,XSTO,MonetaryAmount,N,12-------PH---,000041394,670.4,29,,,
169,6600,2021-03-26 09:03:17,2021-03-26T08:03:17.500000Z,SE0000310336,2021-03-26 09:03:17,2021-03-26T08:03:17.500000Z,SEK,XSTO,XSTO,MonetaryAmount,N,12-------PH---,000041395,670.4,100,,,
170,6599,2021-03-26 09:03:17,2021-03-26T08:03:17.500000Z,SE0000310336,2021-03-26 09:03:17,2021-03-26T08:03:17.500000Z,SEK,XSTO,XSTO,MonetaryAmount,N,12-------PH---,000041396,670.4,73,,,
171,6598,2021-03-26 09:03:19,2021-03-26T08:03:19.837000Z,SE0000310336,2021-03-26 09:03:19,2021-03-26T08:03:19.837000Z,SEK,XSTO,XSTO,MonetaryAmount,N,12-------PH---,000041566,670.2,93,,,
172,6597,2021-03-26 09:03:19,2021-03-26T08:03:19.837000Z,SE0000310336,2021-03-26 09:03:19,2021-03-26T08:03:19.837000Z,SEK,XSTO,XSTO,MonetaryAmount,N,12-------PH---,000041567,670.2,7,,,
173,6596,2021-03-26 09:03:19,2021-03-26T08:03:19.837000Z,SE0000310336,2021-03-26 09:03:19,2021-03-26T08:03:19.837000Z,SEK,XSTO,XSTO,MonetaryAmount,N,12-------PH---,000041568,670.4,60,,,
174,6595,2021-03-26 09:03:19,2021-03-26T08:03:19.837000Z,SE0000310336,2021-03-26 09:03:19,2021-03-26T08:03:19.837000Z,SEK,XSTO,XSTO,MonetaryAmount,N,12-------PH---,000041569,670.2,90,,,
175,6594,2021-03-26 09:03:19,2021-03-26T08:03:19.837000Z,SE0000310336,2021-03-26 09:03:19,2021-03-26T08:03:19.837000Z,SEK,XSTO,XSTO,MonetaryAmount,N,12-------PH---,000041570,670.4,30,,,
176,6593,2021-03-26 09:03:19,2021-03-26T08:03:19.837000Z,SE0000310336,2021-03-26 09:03:19,2021-03-26T08:03:19.837000Z,SEK,XSTO,XSTO,MonetaryAmount,N,12-------PH---,000041571,670.4,3,,,
177,6592,2021-03-26 09:03:19,2021-03-26T08:03:19.857000Z,SE0000310336,2021-03-26 09:03:19,2021-03-26T08:03:19.857000Z,SEK,XSTO,XSTO,MonetaryAmount,N,12-------PH---,000041573,670.6,90,,,
178,6591,2021-03-26 09:03:25,2021-03-26T08:03:25.360000Z,SE0000310336,2021-03-26 09:03:25,2021-03-26T08:03:25.360000Z,SEK,XSTO,XSTO,MonetaryAmount,N,12-------PH---,000042148,670.4,100,,,
179,6590,2021-03-26 09:03:25,2021-03-26T08:03:25.457000Z,SE0000310336,2021-03-26 09:03:25,2021-03-26T08:03:25.457000Z,SEK,DSTO,XSTO,MonetaryAmount,N,32D---S--PH---,000042153,670.6,116,,,Nordic@Mid trade
180,6589,2021-03-26 09:03:26,2021-03-26T08:03:26.053000Z,SE0000310336,2021-03-26 09:03:26,2021-03-26T08:03:26.053000Z,SEK,XSTO,XSTO,MonetaryAmount,N,12-------PH---,000042187,670.6,25,,,
181,6588,2021-03-26 09:03:39,2021-03-26T08:03:39.277000Z,SE0000310336,2021-03-26 09:03:39,2021-03-26T08:03:39.277000Z,SEK,XSTO,XSTO,MonetaryAmount,N,12-------PH---,000043244,671.2,90,,,
182,6587,2021-03-26 09:03:39,2021-03-26T08:03:39.400000Z,SE0000310336,2021-03-26 09:03:39,2021-03-26T08:03:39.400000Z,SEK,XSTO,XSTO,MonetaryAmount,N,12-------PH---,000043257,671.0,90,,,
183,6586,2021-03-26 09:03:39,2021-03-26T08:03:39.507000Z,SE0000310336,2021-03-26 09:03:39,2021-03-26T08:03:39.507000Z,SEK,XSTO,XSTO,MonetaryAmount,N,12-------PH---,000043272,671.0,90,,,
184,6585,2021-03-26 09:03:39,2021-03-26T08:03:39.507000Z,SE0000310336,2021-03-26 09:03:39,2021-03-26T08:03:39.507000Z,SEK,XSTO,XSTO,MonetaryAmount,N,12-------PH---,000043273,671.0,12,,,
185,6584,2021-03-26 09:03:49,2021-03-26T08:03:49.820000Z,SE0000310336,2021-03-26 09:03:49,2021-03-26T08:03:49.820000Z,SEK,XSTO,XSTO,MonetaryAmount,N,12-------PH---,000043922,670.8,1,,,
186,6583,2021-03-26 09:04:02,2021-03-26T08:04:02.077000Z,SE0000310336,2021-03-26 09:04:02,2021-03-26T08:04:02.077000Z,SEK,XSTO,XSTO,MonetaryAmount,N,12-------PH---,000044769,671.0,250,,,
187,6582,2021-03-26 09:04:02,2021-03-26T08:04:02.077000Z,SE0000310336,2021-03-26 09:04:02,2021-03-26T08:04:02.077000Z,SEK,XSTO,XSTO,MonetaryAmount,N,12-------PH---,000044770,671.0,450,,,
188,6581,2021-03-26 09:04:02,2021-03-26T08:04:02.797000Z,SE0000310336,2021-03-26 09:04:02,2021-03-26T08:04:02.797000Z,SEK,XSTO,XSTO,MonetaryAmount,N,12-------PH---,000044864,671.2,5,,,
189,6580,2021-03-26 09:04:02,2021-03-26T08:04:02.797000Z,SE0000310336,2021-03-26 09:04:02,2021-03-26T08:04:02.797000Z,SEK,XSTO,XSTO,MonetaryAmount,N,12-------PH---,000044865,671.2,51,,,
190,6579,2021-03-26 09:04:04,2021-03-26T08:04:04.500000Z,SE0000310336,2021-03-26 09:04:04,2021-03-26T08:04:04.500000Z,SEK,XSTO,XSTO,MonetaryAmount,N,12-------PH---,000045027,670.8,100,,,
191,6578,2021-03-26 09:04:04,2021-03-26T08:04:04.983000Z,SE0000310336,2021-03-26 09:04:04,2021-03-26T08:04:04.983000Z,SEK,XSTO,XSTO,MonetaryAmount,N,12-------PH---,000045153,671.2,66,,,
192,6577,2021-03-26 09:04:18,2021-03-26T08:04:18.400000Z,SE0000310336,2021-03-26 09:04:18,2021-03-26T08:04:18.400000Z,SEK,DSTO,XSTO,MonetaryAmount,N,32D---S--PH---,000046134,671.2,15,,,Nordic@Mid trade
193,6576,2021-03-26 09:04:27,2021-03-26T08:04:27.087000Z,SE0000310336,2021-03-26 09:04:27,2021-03-26T08:04:27.087000Z,SEK,XSTO,XSTO,MonetaryAmount,N,12-------PH---,000046698,671.4,1,,,
194,6575,2021-03-26 09:04:27,2021-03-26T08:04:27.087000Z,SE0000310336,2021-03-26 09:04:27,2021-03-26T08:04:27.087000Z,SEK,XSTO,XSTO,MonetaryAmount,N,12-------PH---,000046699,671.4,2,,,
195,6574,2021-03-26 09:04:27,2021-03-26T08:04:27.087000Z,SE0000310336,2021-03-26 09:04:27,2021-03-26T08:04:27.087000Z,SEK,XSTO,XSTO,MonetaryAmount,N,12-------PH---,000046700,671.4,14,,,
196,6573,2021-03-26 09:04:27,2021-03-26T08:04:27.087000Z,SE0000310336,2021-03-26 09:04:27,2021-03-26T08:04:27.087000Z,SEK,XSTO,XSTO,MonetaryAmount,N,12-------PH---,000046701,671.4,10,,,
197,6572,2021-03-26 09:04:27,2021-03-26T08:04:27.210000Z,SE0000310336,2021-03-26 09:04:27,2021-03-26T08:04:27.210000Z,SEK,XSTO,XSTO,MonetaryAmount,N,12-------PH---,000046710,671.4,31,,,
198,6571,2021-03-26 09:04:27,2021-03-26T08:04:27.210000Z,SE0000310336,2021-03-26 09:04:27,2021-03-26T08:04:27.210000Z,SEK,XSTO,XSTO,MonetaryAmount,N,12-------PH---,000046711,671.4,3,,,
199,6570,2021-03-26 09:04:27,2021-03-26T08:04:27.210000Z,SE0000310336,2021-03-26 09:04:27,2021-03-26T08:04:27.210000Z,SEK,XSTO,XSTO,MonetaryAmount,N,12-------PH---,000046712,671.2,66,,,
200,6569,2021-03-26 09:04:36,2021-03-26T08:04:36.223000Z,SE0000310336,2021-03-26 09:04:36,2021-03-26T08:04:36.223000Z,SEK,XSTO,XSTO,MonetaryAmount,N,12-------PH---,000047255,672.0,15,,,
201,6568,2021-03-26 09:04:47,2021-03-26T08:04:47.393000Z,SE0000310336,2021-03-26 09:04:47,2021-03-26T08:04:47.393000Z,SEK,XSTO,XSTO,MonetaryAmount,N,12-------PH---,000048232,672.2,40,,,
202,6567,2021-03-26 09:04:47,2021-03-26T08:04:47.393000Z,SE0000310336,2021-03-26 09:04:47,2021-03-26T08:04:47.393000Z,SEK,XSTO,XSTO,MonetaryAmount,N,12-------PH---,000048233,672.0,12,,,
203,6566,2021-03-26 09:04:47,2021-03-26T08:04:47.393000Z,SE0000310336,2021-03-26 09:04:47,2021-03-26T08:04:47.393000Z,SEK,XSTO,XSTO,MonetaryAmount,N,12-------PH---,000048234,672.0,54,,,
204,6565,2021-03-26 09:04:49,2021-03-26T08:04:49.217000Z,SE0000310336,2021-03-26 09:04:49,2021-03-26T08:04:49.217000Z,SEK,XSTO,XSTO,MonetaryAmount,N,12-------PH---,000048375,671.6,181,,,
205,6564,2021-03-26 09:04:49,2021-03-26T08:04:49.900000Z,SE0000310336,2021-03-26 09:04:49,2021-03-26T08:04:49.900000Z,SEK,XSTO,XSTO,MonetaryAmount,N,12-------PH---,000048437,671.6,90,,,
206,6563,2021-03-26 09:04:49,2021-03-26T08:04:49.917000Z,SE0000310336,2021-03-26 09:04:49,2021-03-26T08:04:49.917000Z,SEK,XSTO,XSTO,MonetaryAmount,N,12-------PH---,000048439,672.0,8,,,
207,6562,2021-03-26 09:04:49,2021-03-26T08:04:49.920000Z,SE0000310336,2021-03-26 09:04:49,2021-03-26T08:04:49.920000Z,SEK,XSTO,XSTO,MonetaryAmount,N,12-------PH---,000048440,672.0,3,,,
208,6561,2021-03-26 09:05:01,2021-03-26T08:05:01.677000Z,SE0000310336,2021-03-26 09:05:01,2021-03-26T08:05:01.677000Z,SEK,XSTO,XSTO,MonetaryAmount,N,12-------PH---,000049568,672.4,2,,,
209,6560,2021-03-26 09:05:05,2021-03-26T08:05:05.340000Z,SE0000310336,2021-03-26 09:05:05,2021-03-26T08:05:05.340000Z,SEK,XSTO,XSTO,MonetaryAmount,N,12-------PH---,000049890,672.4,28,,,
210,6559,2021-03-26 09:05:08,2021-03-26T08:05:08.953000Z,SE0000310336,2021-03-26 09:05:08,2021-03-26T08:05:08.953000Z,SEK,XSTO,XSTO,MonetaryAmount,N,12-------PH---,000050407,672.6,98,,,
211,6558,2021-03-26 09:05:25,2021-03-26T08:05:25.297000Z,SE0000310336,2021-03-26 09:05:25,2021-03-26T08:05:25.297000Z,SEK,XSTO,XSTO,MonetaryAmount,N,12-------PH---,000052383,673.0,2,,,
212,6557,2021-03-26 09:05:25,2021-03-26T08:05:25.297000Z,SE0000310336,2021-03-26 09:05:25,2021-03-26T08:05:25.297000Z,SEK,XSTO,XSTO,MonetaryAmount,N,12-------PH---,000052384,672.8,100,,,
213,6556,2021-03-26 09:05:25,2021-03-26T08:05:25.297000Z,SE0000310336,2021-03-26 09:05:25,2021-03-26T08:05:25.297000Z,SEK,XSTO,XSTO,MonetaryAmount,N,12-------PH---,000052385,672.8,13,,,
214,6555,2021-03-26 09:05:25,2021-03-26T08:05:25.380000Z,SE0000310336,2021-03-26 09:05:25,2021-03-26T08:05:25.380000Z,SEK,XSTO,XSTO,MonetaryAmount,N,12-------PH---,000052390,672.6,18,,,
215,6554,2021-03-26 09:05:29,2021-03-26T08:05:29.507000Z,SE0000310336,2021-03-26 09:05:29,2021-03-26T08:05:29.507000Z,SEK,XSTO,XSTO,MonetaryAmount,N,12-------PH---,000052804,673.2,2,,,
216,6553,2021-03-26 09:05:40,2021-03-26T08:05:40.027000Z,SE0000310336,2021-03-26 09:05:40,2021-03-26T08:05:40.027000Z,SEK,XSTO,XSTO,MonetaryAmount,N,12-------PH---,000053865,673.2,1,,,
217,6552,2021-03-26 09:05:56,2021-03-26T08:05:56.067000Z,SE0000310336,2021-03-26 09:05:56,2021-03-26T08:05:56.067000Z,SEK,DSTO,XSTO,MonetaryAmount,N,32D---S--PH---,000055205,673.0,100,,,Nordic@Mid trade
218,6551,2021-03-26 09:06:01,2021-03-26T08:06:01.543000Z,SE0000310336,2021-03-26 09:06:01,2021-03-26T08:06:01.543000Z,SEK,XSTO,XSTO,MonetaryAmount,N,12-------PH---,000055570,673.2,23,,,
219,6550,2021-03-26 09:06:18,2021-03-26T08:06:18.163000Z,SE0000310336,2021-03-26 09:06:18,2021-03-26T08:06:18.163000Z,SEK,XSTO,XSTO,MonetaryAmount,N,12-------PH---,000057024,673.2,1,,,
220,6549,2021-03-26 09:06:21,2021-03-26T08:06:21.590000Z,SE0000310336,2021-03-26 09:06:21,2021-03-26T08:06:21.590000Z,SEK,XSTO,XSTO,MonetaryAmount,N,12-------PH---,000057270,673.8,1,,,
221,6548,2021-03-26 09:06:29,2021-03-26T08:06:29.457000Z,SE0000310336,2021-03-26 09:06:29,2021-03-26T08:06:29.457000Z,SEK,XSTO,XSTO,MonetaryAmount,N,12-------PH---,000057864,673.4,21,,,
222,6547,2021-03-26 09:06:29,2021-03-26T08:06:29.457000Z,SE0000310336,2021-03-26 09:06:29,2021-03-26T08:06:29.457000Z,SEK,XSTO,XSTO,MonetaryAmount,N,12-------PH---,000057865,673.4,102,,,
223,6546,2021-03-26 09:06:29,2021-03-26T08:06:29.457000Z,SE0000310336,2021-03-26 09:06:29,2021-03-26T08:06:29.457000Z,SEK,XSTO,XSTO,MonetaryAmount,N,12-------PH---,000057866,673.4,3,,,
224,6545,2021-03-26 09:06:29,2021-03-26T08:06:29.457000Z,SE0000310336,2021-03-26 09:06:29,2021-03-26T08:06:29.457000Z,SEK,XSTO,XSTO,MonetaryAmount,N,12-------PH---,000057867,673.4,1,,,
225,6544,2021-03-26 09:06:29,2021-03-26T08:06:29.460000Z,SE0000310336,2021-03-26 09:06:29,2021-03-26T08:06:29.460000Z,SEK,XSTO,XSTO,MonetaryAmount,N,12-------PH---,000057868,673.2,21,,,
226,6543,2021-03-26 09:06:29,2021-03-26T08:06:29.460000Z,SE0000310336,2021-03-26 09:06:29,2021-03-26T08:06:29.460000Z,SEK,XSTO,XSTO,MonetaryAmount,N,12-------PH---,000057869,673.2,92,,,
227,6542,2021-03-26 09:06:29,2021-03-26T08:06:29.460000Z,SE0000310336,2021-03-26 09:06:29,2021-03-26T08:06:29.460000Z,SEK,XSTO,XSTO,MonetaryAmount,N,12-------PH---,000057870,673.2,6,,,
228,6541,2021-03-26 09:06:29,2021-03-26T08:06:29.460000Z,SE0000310336,2021-03-26 09:06:29,2021-03-26T08:06:29.460000Z,SEK,XSTO,XSTO,MonetaryAmount,N,12-------PH---,000057871,673.2,66,,,
229,6540,2021-03-26 09:06:29,2021-03-26T08:06:29.460000Z,SE0000310336,2021-03-26 09:06:29,2021-03-26T08:06:29.460000Z,SEK,XSTO,XSTO,MonetaryAmount,N,12-------PH---,000057872,673.2,20,,,
230,6539,2021-03-26 09:06:29,2021-03-26T08:06:29.460000Z,SE0000310336,2021-03-26 09:06:29,2021-03-26T08:06:29.460000Z,SEK,XSTO,XSTO,MonetaryAmount,N,12-------PH---,000057873,673.2,24,,,
231,6538,2021-03-26 09:06:31,2021-03-26T08:06:31.400000Z,SE0000310336,2021-03-26 09:06:31,2021-03-26T08:06:31.400000Z,SEK,XSTO,XSTO,MonetaryAmount,N,12-------PH---,000058067,673.2,5,,,
232,6537,2021-03-26 09:06:31,2021-03-26T08:06:31.400000Z,SE0000310336,2021-03-26 09:06:31,2021-03-26T08:06:31.400000Z,SEK,XSTO,XSTO,MonetaryAmount,N,12-------PH---,000058068,673.2,18,,,
233,6536,2021-03-26 09:06:33,2021-03-26T08:06:33.807000Z,SE0000310336,2021-03-26 09:06:33,2021-03-26T08:06:33.807000Z,SEK,XSTO,XSTO,MonetaryAmount,N,12-------PH---,000058332,673.0,33,,,
234,6535,2021-03-26 09:06:45,2021-03-26T08:06:45.360000Z,SE0000310336,2021-03-26 09:06:45,2021-03-26T08:06:45.360000Z,SEK,XSTO,XSTO,MonetaryAmount,N,12-------PH---,000059062,673.2,90,,,
235,6534,2021-03-26 09:06:45,2021-03-26T08:06:45.787000Z,SE0000310336,2021-03-26 09:06:45,2021-03-26T08:06:45.787000Z,SEK,XSTO,XSTO,MonetaryAmount,N,12-------PH---,000059135,673.0,22,,,
236,6533,2021-03-26 09:06:45,2021-03-26T08:06:45.787000Z,SE0000310336,2021-03-26 09:06:45,2021-03-26T08:06:45.787000Z,SEK,XSTO,XSTO,MonetaryAmount,N,12-------PH---,000059136,673.0,40,,,
237,6532,2021-03-26 09:06:45,2021-03-26T08:06:45.787000Z,SE0000310336,2021-03-26 09:06:45,2021-03-26T08:06:45.787000Z,SEK,XSTO,XSTO,MonetaryAmount,N,12-------PH---,000059137,673.0,183,,,
238,6531,2021-03-26 09:06:46,2021-03-26T08:06:46.253000Z,SE0000310336,2021-03-26 09:06:46,2021-03-26T08:06:46.253000Z,SEK,XSTO,XSTO,MonetaryAmount,N,12-------PH---,000059185,673.2,1,,,
239,6530,2021-03-26 09:06:53,2021-03-26T08:06:53.537000Z,SE0000310336,2021-03-26 09:06:53,2021-03-26T08:06:53.537000Z,SEK,XSTO,XSTO,MonetaryAmount,N,12-------P----,000059663,673.2,3,,,
240,6529,2021-03-26 09:06:54,2021-03-26T08:06:54.327000Z,SE0000310336,2021-03-26 09:06:54,2021-03-26T08:06:54.327000Z,SEK,XSTO,XSTO,MonetaryAmount,N,12-------PH---,000059728,673.6,1,,,
241,6528,2021-03-26 09:07:00,2021-03-26T08:07:00.917000Z,SE0000310336,2021-03-26 09:07:00,2021-03-26T08:07:00.917000Z,SEK,DSTO,XSTO,MonetaryAmount,N,32D---S--PH---,000060221,673.2,25,,,Nordic@Mid trade
242,6527,2021-03-26 09:07:06,2021-03-26T08:07:06.913000Z,SE0000310336,2021-03-26 09:07:06,2021-03-26T08:07:06.913000Z,SEK,MSTO,XSTO,MonetaryAmount,N,5U-------PH---,000060561,673.2,192,,,Auction On Demand
243,6526,2021-03-26 09:07:11,2021-03-26T08:07:11.680000Z,SE0000310336,2021-03-26 09:07:11,2021-03-26T08:07:11.680000Z,SEK,XSTO,XSTO,MonetaryAmount,N,12-------PH---,000061035,673.4,30,,,
244,6525,2021-03-26 09:07:13,2021-03-26T08:07:13.520000Z,SE0000310336,2021-03-26 09:07:13,2021-03-26T08:07:13.520000Z,SEK,XSTO,XSTO,MonetaryAmount,N,12-------PH---,000061195,673.6,22,,,
245,6524,2021-03-26 09:07:14,2021-03-26T08:07:14.107000Z,SE0000310336,2021-03-26 09:07:14,2021-03-26T08:07:14.107000Z,SEK,XSTO,XSTO,MonetaryAmount,N,12-------PH---,000061262,673.8,1,,,
246,6523,2021-03-26 09:07:21,2021-03-26T08:07:21.550000Z,SE0000310336,2021-03-26 09:07:21,2021-03-26T08:07:21.550000Z,SEK,XSTO,XSTO,MonetaryAmount,N,12-------PH---,000061767,673.8,1,,,
247,6522,2021-03-26 09:07:35,2021-03-26T08:07:35.600000Z,SE0000310336,2021-03-26 09:07:35,2021-03-26T08:07:35.600000Z,SEK,XSTO,XSTO,MonetaryAmount,N,12-------PH---,000062677,673.6,4,,,
248,6521,2021-03-26 09:07:35,2021-03-26T08:07:35.600000Z,SE0000310336,2021-03-26 09:07:35,2021-03-26T08:07:35.600000Z,SEK,XSTO,XSTO,MonetaryAmount,N,12-------PH---,000062678,673.4,1,,,
249,6520,2021-03-26 09:07:35,2021-03-26T08:07:35.600000Z,SE0000310336,2021-03-26 09:07:35,2021-03-26T08:07:35.600000Z,SEK,XSTO,XSTO,MonetaryAmount,N,12-------PH---,000062679,673.4,1,,,
250,6519,2021-03-26 09:07:35,2021-03-26T08:07:35.600000Z,SE0000310336,2021-03-26 09:07:35,2021-03-26T08:07:35.600000Z,SEK,XSTO,XSTO,MonetaryAmount,N,12-------PH---,000062680,673.4,86,,,
251,6518,2021-03-26 09:07:35,2021-03-26T08:07:35.600000Z,SE0000310336,2021-03-26 09:07:35,2021-03-26T08:07:35.600000Z,SEK,XSTO,XSTO,MonetaryAmount,N,12-------PH---,000062681,673.4,25,,,
252,6517,2021-03-26 09:07:35,2021-03-26T08:07:35.600000Z,SE0000310336,2021-03-26 09:07:35,2021-03-26T08:07:35.600000Z,SEK,XSTO,XSTO,MonetaryAmount,N,12-------PH---,000062682,673.4,100,,,
253,6516,2021-03-26 09:07:35,2021-03-26T08:07:35.600000Z,SE0000310336,2021-03-26 09:07:35,2021-03-26T08:07:35.600000Z,SEK,XSTO,XSTO,MonetaryAmount,N,12-------PH---,000062683,673.2,90,,,
254,6515,2021-03-26 09:07:35,2021-03-26T08:07:35.600000Z,SE0000310336,2021-03-26 09:07:35,2021-03-26T08:07:35.600000Z,SEK,XSTO,XSTO,MonetaryAmount,N,12-------PH---,000062684,673.2,88,,,
255,6514,2021-03-26 09:07:35,2021-03-26T08:07:35.600000Z,SE0000310336,2021-03-26 09:07:35,2021-03-26T08:07:35.600000Z,SEK,XSTO,XSTO,MonetaryAmount,N,12-------PH---,000062685,673.2,25,,,
256,6513,2021-03-26 09:07:35,2021-03-26T08:07:35.600000Z,SE0000310336,2021-03-26 09:07:35,2021-03-26T08:07:35.600000Z,SEK,XSTO,XSTO,MonetaryAmount,N,12-------PH---,000062686,673.2,57,,,
257,6512,2021-03-26 09:07:35,2021-03-26T08:07:35.620000Z,SE0000310336,2021-03-26 09:07:35,2021-03-26T08:07:35.620000Z,SEK,XSTO,XSTO,MonetaryAmount,N,12-------PH---,000062687,673.0,1,,,
258,6511,2021-03-26 09:07:35,2021-03-26T08:07:35.620000Z,SE0000310336,2021-03-26 09:07:35,2021-03-26T08:07:35.620000Z,SEK,XSTO,XSTO,MonetaryAmount,N,12-------PH---,000062688,673.0,26,,,
259,6510,2021-03-26 09:07:35,2021-03-26T08:07:35.620000Z,SE0000310336,2021-03-26 09:07:35,2021-03-26T08:07:35.620000Z,SEK,XSTO,XSTO,MonetaryAmount,N,12-------PH---,000062689,673.0,88,,,
260,6509,2021-03-26 09:07:35,2021-03-26T08:07:35.880000Z,SE0000310336,2021-03-26 09:07:35,2021-03-26T08:07:35.880000Z,SEK,XSTO,XSTO,MonetaryAmount,N,12-------PH---,000062714,673.4,2,,,
261,6508,2021-03-26 09:07:38,2021-03-26T08:07:38.623000Z,SE0000310336,2021-03-26 09:07:38,2021-03-26T08:07:38.623000Z,SEK,XSTO,XSTO,MonetaryAmount,N,12-------PH---,000062912,673.4,3,,,
262,6507,2021-03-26 09:07:38,2021-03-26T08:07:38.623000Z,SE0000310336,2021-03-26 09:07:38,2021-03-26T08:07:38.623000Z,SEK,XSTO,XSTO,MonetaryAmount,N,12-------PH---,000062913,673.2,100,,,
263,6506,2021-03-26 09:07:42,2021-03-26T08:07:42.127000Z,SE0000310336,2021-03-26 09:07:42,2021-03-26T08:07:42.127000Z,SEK,XSTO,XSTO,MonetaryAmount,N,12-------PH---,000063207,673.4,2,,,
264,6505,2021-03-26 09:07:43,2021-03-26T08:07:43.563000Z,SE0000310336,2021-03-26 09:07:43,2021-03-26T08:07:43.563000Z,SEK,XSTO,XSTO,MonetaryAmount,N,12-------PH---,000063344,673.6,2,,,
265,6504,2021-03-26 09:08:05,2021-03-26T08:08:05.970000Z,SE0000310336,2021-03-26 09:08:05,2021-03-26T08:08:05.970000Z,SEK,XSTO,XSTO,MonetaryAmount,N,12-------PH---,000064721,673.6,10,,,
266,6503,2021-03-26 09:08:06,2021-03-26T08:08:06.087000Z,SE0000310336,2021-03-26 09:08:06,2021-03-26T08:08:06.087000Z,SEK,XSTO,XSTO,MonetaryAmount,N,12-------PH---,000064729,673.6,108,,,
267,6502,2021-03-26 09:08:25,2021-03-26T08:08:25.340000Z,SE0000310336,2021-03-26 09:08:25,2021-03-26T08:08:25.340000Z,SEK,XSTO,XSTO,MonetaryAmount,N,12-------PH---,000065987,673.6,1,,,
268,6501,2021-03-26 09:08:25,2021-03-26T08:08:25.340000Z,SE0000310336,2021-03-26 09:08:25,2021-03-26T08:08:25.340000Z,SEK,XSTO,XSTO,MonetaryAmount,N,12-------PH---,000065988,673.4,99,,,
269,6500,2021-03-26 09:08:25,2021-03-26T08:08:25.390000Z,SE0000310336,2021-03-26 09:08:25,2021-03-26T08:08:25.390000Z,SEK,XSTO,XSTO,MonetaryAmount,N,12-------PH---,000065991,673.4,104,,,
270,6499,2021-03-26 09:08:35,2021-03-26T08:08:35.007000Z,SE0000310336,2021-03-26 09:08:35,2021-03-26T08:08:35.007000Z,SEK,XSTO,XSTO,MonetaryAmount,N,12-------PH---,000066591,673.6,2,,,
271,6498,2021-03-26 09:08:45,2021-03-26T08:08:45.667000Z,SE0000310336,2021-03-26 09:08:45,2021-03-26T08:08:45.667000Z,SEK,XSTO,XSTO,MonetaryAmount,N,12-------PH---,000067114,673.6,6,,,
272,6497,2021-03-26 09:08:45,2021-03-26T08:08:45.693000Z,SE0000310336,2021-03-26 09:08:45,2021-03-26T08:08:45.693000Z,SEK,XSTO,XSTO,MonetaryAmount,N,12-------PH---,000067115,673.2,160,,,
273,6496,2021-03-26 09:08:49,2021-03-26T08:08:49.703000Z,SE0000310336,2021-03-26 09:08:49,2021-03-26T08:08:49.703000Z,SEK,XSTO,XSTO,MonetaryAmount,N,45-3-----PH---,F050075963,673.2,4,,,Standard Routed Trade
274,6495,2021-03-26 09:08:50,2021-03-26T08:08:50.407000Z,SE0000310336,2021-03-26 09:08:50,2021-03-26T08:08:50.407000Z,SEK,XSTO,XSTO,MonetaryAmount,N,12-------PH---,000067361,673.0,90,,,
275,6494,2021-03-26 09:08:50,2021-03-26T08:08:50.417000Z,SE0000310336,2021-03-26 09:08:50,2021-03-26T08:08:50.417000Z,SEK,XSTO,XSTO,MonetaryAmount,N,12-------PH---,000067362,672.8,95,,,
276,6493,2021-03-26 09:08:50,2021-03-26T08:08:50.673000Z,SE0000310336,2021-03-26 09:08:50,2021-03-26T08:08:50.673000Z,SEK,XSTO,XSTO,MonetaryAmount,N,12-------PH---,000067416,673.4,59,,,
277,6492,2021-03-26 09:09:04,2021-03-26T08:09:04.840000Z,SE0000310336,2021-03-26 09:09:04,2021-03-26T08:09:04.840000Z,SEK,XSTO,XSTO,MonetaryAmount,N,12-------PH---,000068266,673.2,2,,,
278,6491,2021-03-26 09:09:11,2021-03-26T08:09:11.627000Z,SE0000310336,2021-03-26 09:09:11,2021-03-26T08:09:11.627000Z,SEK,XSTO,XSTO,MonetaryAmount,N,12-------PH---,000068744,673.0,30,,,
279,6490,2021-03-26 09:09:20,2021-03-26T08:09:20.057000Z,SE0000310336,2021-03-26 09:09:20,2021-03-26T08:09:20.057000Z,SEK,MSTO,XSTO,MonetaryAmount,N,5U-------PH---,000069224,673.1,14,,,Auction On Demand
280,6489,2021-03-26 09:09:25,2021-03-26T08:09:25.053000Z,SE0000310336,2021-03-26 09:09:25,2021-03-26T08:09:25.053000Z,SEK,MSTO,XSTO,MonetaryAmount,N,5U-------PH---,000069514,673.1,4,,,Auction On Demand
281,6488,2021-03-26 09:09:30,2021-03-26T08:09:30.557000Z,SE0000310336,2021-03-26 09:09:30,2021-03-26T08:09:30.557000Z,SEK,XSTO,XSTO,MonetaryAmount,N,12-------PH---,000069838,673.2,3,,,
282,6487,2021-03-26 09:09:30,2021-03-26T08:09:30.557000Z,SE0000310336,2021-03-26 09:09:30,2021-03-26T08:09:30.557000Z,SEK,XSTO,XSTO,MonetaryAmount,N,12-------PH---,000069839,673.2,23,,,
283,6486,2021-03-26 09:09:38,2021-03-26T08:09:38.833000Z,SE0000310336,2021-03-26 09:09:38,2021-03-26T08:09:38.833000Z,SEK,XSTO,XSTO,MonetaryAmount,N,12-------PH---,000070386,673.4,139,,,
284,6485,2021-03-26 09:09:38,2021-03-26T08:09:38.833000Z,SE0000310336,2021-03-26 09:09:38,2021-03-26T08:09:38.833000Z,SEK,XSTO,XSTO,MonetaryAmount,N,12-------PH---,000070387,673.4,51,,,
285,6484,2021-03-26 09:09:38,2021-03-26T08:09:38.853000Z,SE0000310336,2021-03-26 09:09:38,2021-03-26T08:09:38.853000Z,SEK,XSTO,XSTO,MonetaryAmount,N,12-------PH---,000070388,673.4,6,,,
286,6483,2021-03-26 09:09:38,2021-03-26T08:09:38.943000Z,SE0000310336,2021-03-26 09:09:38,2021-03-26T08:09:38.943000Z,SEK,XSTO,XSTO,MonetaryAmount,N,12-------PH---,000070398,673.4,2,,,
287,6482,2021-03-26 09:09:51,2021-03-26T08:09:51.220000Z,SE0000310336,2021-03-26 09:09:51,2021-03-26T08:09:51.220000Z,SEK,XSTO,XSTO,MonetaryAmount,N,12-------PH---,000071080,673.4,57,,,
288,6481,2021-03-26 09:09:51,2021-03-26T08:09:51.220000Z,SE0000310336,2021-03-26 09:09:51,2021-03-26T08:09:51.220000Z,SEK,XSTO,XSTO,MonetaryAmount,N,12-------PH---,000071081,673.4,43,,,
289,6480,2021-03-26 09:09:51,2021-03-26T08:09:51.220000Z,SE0000310336,2021-03-26 09:09:51,2021-03-26T08:09:51.220000Z,SEK,XSTO,XSTO,MonetaryAmount,N,12-------PH---,000071082,673.4,2,,,
290,6479,2021-03-26 09:09:51,2021-03-26T08:09:51.220000Z,SE0000310336,2021-03-26 09:09:51,2021-03-26T08:09:51.220000Z,SEK,XSTO,XSTO,MonetaryAmount,N,12-------PH---,000071083,673.4,94,,,
291,6478,2021-03-26 09:09:51,2021-03-26T08:09:51.273000Z,SE0000310336,2021-03-26 09:09:51,2021-03-26T08:09:51.273000Z,SEK,XSTO,XSTO,MonetaryAmount,N,12-------PH---,000071095,673.2,3,,,
292,6477,2021-03-26 09:09:51,2021-03-26T08:09:51.273000Z,SE0000310336,2021-03-26 09:09:51,2021-03-26T08:09:51.273000Z,SEK,XSTO,XSTO,MonetaryAmount,N,12-------PH---,000071096,673.2,25,,,
293,6476,2021-03-26 09:09:51,2021-03-26T08:09:51.273000Z,SE0000310336,2021-03-26 09:09:51,2021-03-26T08:09:51.273000Z,SEK,XSTO,XSTO,MonetaryAmount,N,12-------PH---,000071097,673.2,87,,,
294,6475,2021-03-26 09:09:52,2021-03-26T08:09:52.843000Z,SE0000310336,2021-03-26 09:09:52,2021-03-26T08:09:52.843000Z,SEK,XSTO,XSTO,MonetaryAmount,N,12-------PH---,000071276,673.4,90,,,
295,6474,2021-03-26 09:09:52,2021-03-26T08:09:52.843000Z,SE0000310336,2021-03-26 09:09:52,2021-03-26T08:09:52.843000Z,SEK,XSTO,XSTO,MonetaryAmount,N,12-------PH---,000071277,673.4,10,,,
296,6473,2021-03-26 09:09:52,2021-03-26T08:09:52.843000Z,SE0000310336,2021-03-26 09:09:52,2021-03-26T08:09:52.843000Z,SEK,XSTO,XSTO,MonetaryAmount,N,12-------PH---,000071278,673.0,3,,,
297,6472,2021-03-26 09:09:52,2021-03-26T08:09:52.843000Z,SE0000310336,2021-03-26 09:09:52,2021-03-26T08:09:52.843000Z,SEK,XSTO,XSTO,MonetaryAmount,N,12-------P----,000071279,673.0,15,,,
298,6471,2021-03-26 09:10:02,2021-03-26T08:10:02.863000Z,SE0000310336,2021-03-26 09:10:02,2021-03-26T08:10:02.863000Z,SEK,XSTO,XSTO,MonetaryAmount,N,12-------PH---,000071998,673.0,10,,,
299,6470,2021-03-26 09:10:06,2021-03-26T08:10:06.900000Z,SE0000310336,2021-03-26 09:10:06,2021-03-26T08:10:06.900000Z,SEK,XSTO,XSTO,MonetaryAmount,N,12-------PH---,000072331,672.8,310,,,
300,6469,2021-03-26 09:10:06,2021-03-26T08:10:06.907000Z,SE0000310336,2021-03-26 09:10:06,2021-03-26T08:10:06.907000Z,SEK,XSTO,XSTO,MonetaryAmount,N,12-------PH---,000072333,673.0,310,,,
301,6468,2021-03-26 09:10:06,2021-03-26T08:10:06.947000Z,SE0000310336,2021-03-26 09:10:06,2021-03-26T08:10:06.947000Z,SEK,XSTO,XSTO,MonetaryAmount,N,12-------PH---,000072342,673.0,87,,,
302,6467,2021-03-26 09:10:07,2021-03-26T08:10:07.827000Z,SE0000310336,2021-03-26 09:10:07,2021-03-26T08:10:07.827000Z,SEK,XSTO,XSTO,MonetaryAmount,N,12-------PH---,000072415,673.2,1,,,
303,6466,2021-03-26 09:10:22,2021-03-26T08:10:22.643000Z,SE0000310336,2021-03-26 09:10:22,2021-03-26T08:10:22.643000Z,SEK,XSTO,XSTO,MonetaryAmount,N,12-------PH---,000073294,673.2,1,,,
304,6465,2021-03-26 09:10:24,2021-03-26T08:10:24.670000Z,SE0000310336,2021-03-26 09:10:24,2021-03-26T08:10:24.670000Z,SEK,XSTO,XSTO,MonetaryAmount,N,12-------PH---,000073453,672.8,14,,,
305,6464,2021-03-26 09:10:24,2021-03-26T08:10:24.670000Z,SE0000310336,2021-03-26 09:10:24,2021-03-26T08:10:24.670000Z,SEK,XSTO,XSTO,MonetaryAmount,N,12-------PH---,000073454,672.8,77,,,
306,6463,2021-03-26 09:10:24,2021-03-26T08:10:24.670000Z,SE0000310336,2021-03-26 09:10:24,2021-03-26T08:10:24.670000Z,SEK,XSTO,XSTO,MonetaryAmount,N,12-------PH---,000073455,672.8,59,,,
307,6462,2021-03-26 09:10:24,2021-03-26T08:10:24.670000Z,SE0000310336,2021-03-26 09:10:24,2021-03-26T08:10:24.670000Z,SEK,XSTO,XSTO,MonetaryAmount,N,12-------PH---,000073456,672.8,67,,,
308,6461,2021-03-26 09:10:24,2021-03-26T08:10:24.833000Z,SE0000310336,2021-03-26 09:10:24,2021-03-26T08:10:24.833000Z,SEK,XSTO,XSTO,MonetaryAmount,N,12-------PH---,000073462,672.4,90,,,
309,6460,2021-03-26 09:10:38,2021-03-26T08:10:38.090000Z,SE0000310336,2021-03-26 09:10:38,2021-03-26T08:10:38.090000Z,SEK,XSTO,XSTO,MonetaryAmount,N,12-------P----,000074312,672.6,109,,,
310,6459,2021-03-26 09:10:38,2021-03-26T08:10:38.090000Z,SE0000310336,2021-03-26 09:10:38,2021-03-26T08:10:38.090000Z,SEK,XSTO,XSTO,MonetaryAmount,N,12-------PH---,000074313,672.6,201,,,
311,6458,2021-03-26 09:10:38,2021-03-26T08:10:38.090000Z,SE0000310336,2021-03-26 09:10:38,2021-03-26T08:10:38.090000Z,SEK,XSTO,XSTO,MonetaryAmount,N,12-------PH---,000074314,672.6,126,,,
312,6457,2021-03-26 09:10:38,2021-03-26T08:10:38.090000Z,SE0000310336,2021-03-26 09:10:38,2021-03-26T08:10:38.090000Z,SEK,XSTO,XSTO,MonetaryAmount,N,12-------PH---,000074315,672.6,32,,,
313,6456,2021-03-26 09:10:38,2021-03-26T08:10:38.090000Z,SE0000310336,2021-03-26 09:10:38,2021-03-26T08:10:38.090000Z,SEK,XSTO,XSTO,MonetaryAmount,N,12-------PH---,000074316,672.6,143,,,
314,6455,2021-03-26 09:10:45,2021-03-26T08:10:45.203000Z,SE0000310336,2021-03-26 09:10:45,2021-03-26T08:10:45.203000Z,SEK,XSTO,XSTO,MonetaryAmount,N,12-------PH---,000074782,673.0,2,,,
315,6454,2021-03-26 09:10:45,2021-03-26T08:10:45.203000Z,SE0000310336,2021-03-26 09:10:45,2021-03-26T08:10:45.203000Z,SEK,XSTO,XSTO,MonetaryAmount,N,12-------PH---,000074783,673.0,130,,,
316,6453,2021-03-26 09:10:51,2021-03-26T08:10:51.633000Z,SE0000310336,2021-03-26 09:10:51,2021-03-26T08:10:51.633000Z,SEK,XSTO,XSTO,MonetaryAmount,N,12-------PH---,000075173,672.8,90,,,
317,6452,2021-03-26 09:10:54,2021-03-26T08:10:54.467000Z,SE0000310336,2021-03-26 09:10:54,2021-03-26T08:10:54.467000Z,SEK,XSTO,XSTO,MonetaryAmount,N,12-------PH---,000075379,673.2,2,,,
318,6451,2021-03-26 09:11:10,2021-03-26T08:11:10.017000Z,SE0000310336,2021-03-26 09:11:10,2021-03-26T08:11:10.017000Z,SEK,XSTO,XSTO,MonetaryAmount,N,12-------PH---,000076330,673.2,1,,,
319,6450,2021-03-26 09:11:13,2021-03-26T08:11:13.690000Z,SE0000310336,2021-03-26 09:11:13,2021-03-26T08:11:13.690000Z,SEK,MSTO,XSTO,MonetaryAmount,N,5U-------PH---,000076514,672.9,192,,,Auction On Demand
320,6449,2021-03-26 09:11:19,2021-03-26T08:11:19.130000Z,SE0000310336,2021-03-26 09:11:19,2021-03-26T08:11:19.130000Z,SEK,XSTO,XSTO,MonetaryAmount,N,12-------PH---,000076793,672.6,1,,,
321,6448,2021-03-26 09:11:22,2021-03-26T08:11:22.810000Z,SE0000310336,2021-03-26 09:11:22,2021-03-26T08:11:22.810000Z,SEK,XSTO,XSTO,MonetaryAmount,N,12-------PH---,000077280,672.8,1,,,
322,6447,2021-03-26 09:11:22,2021-03-26T08:11:22.810000Z,SE0000310336,2021-03-26 09:11:22,2021-03-26T08:11:22.810000Z,SEK,XSTO,XSTO,MonetaryAmount,N,12-------PH---,000077281,672.8,40,,,
323,6446,2021-03-26 09:11:22,2021-03-26T08:11:22.810000Z,SE0000310336,2021-03-26 09:11:22,2021-03-26T08:11:22.810000Z,SEK,XSTO,XSTO,MonetaryAmount,N,12-------PH---,000077282,672.8,107,,,
324,6445,2021-03-26 09:11:22,2021-03-26T08:11:22.830000Z,SE0000310336,2021-03-26 09:11:22,2021-03-26T08:11:22.830000Z,SEK,XSTO,XSTO,MonetaryAmount,N,12-------PH---,000077284,672.8,80,,,
325,6444,2021-03-26 09:11:36,2021-03-26T08:11:36.043000Z,SE0000310336,2021-03-26 09:11:36,2021-03-26T08:11:36.043000Z,SEK,XSTO,XSTO,MonetaryAmount,N,12-------PH---,000078001,673.0,2,,,
326,6443,2021-03-26 09:11:37,2021-03-26T08:11:37.007000Z,SE0000310336,2021-03-26 09:11:37,2021-03-26T08:11:37.007000Z,SEK,XSTO,XSTO,MonetaryAmount,N,12-------PH---,000078043,672.6,6,,,
327,6442,2021-03-26 09:11:37,2021-03-26T08:11:37.007000Z,SE0000310336,2021-03-26 09:11:37,2021-03-26T08:11:37.007000Z,SEK,XSTO,XSTO,MonetaryAmount,N,12-------PH---,000078044,672.6,19,,,
328,6441,2021-03-26 09:11:37,2021-03-26T08:11:37.007000Z,SE0000310336,2021-03-26 09:11:37,2021-03-26T08:11:37.007000Z,SEK,XSTO,XSTO,MonetaryAmount,N,12-------PH---,000078045,672.6,293,,,
329,6440,2021-03-26 09:11:37,2021-03-26T08:11:37.007000Z,SE0000310336,2021-03-26 09:11:37,2021-03-26T08:11:37.007000Z,SEK,XSTO,XSTO,MonetaryAmount,N,12-------PH---,000078046,672.6,3,,,
330,6439,2021-03-26 09:11:37,2021-03-26T08:11:37.027000Z,SE0000310336,2021-03-26 09:11:37,2021-03-26T08:11:37.027000Z,SEK,XSTO,XSTO,MonetaryAmount,N,12-------PH---,000078047,672.6,85,,,
331,6438,2021-03-26 09:11:37,2021-03-26T08:11:37.660000Z,SE0000310336,2021-03-26 09:11:37,2021-03-26T08:11:37.660000Z,SEK,XSTO,XSTO,MonetaryAmount,N,12-------PH---,000078073,672.8,1,,,
332,6437,2021-03-26 09:11:37,2021-03-26T08:11:37.897000Z,SE0000310336,2021-03-26 09:11:37,2021-03-26T08:11:37.897000Z,SEK,XSTO,XSTO,MonetaryAmount,N,12-------PH---,000078085,672.8,1,,,
333,6436,2021-03-26 09:11:38,2021-03-26T08:11:38.690000Z,SE0000310336,2021-03-26 09:11:38,2021-03-26T08:11:38.690000Z,SEK,DSTO,XSTO,MonetaryAmount,N,32D---S--PH---,000078170,672.6,33,,,Nordic@Mid trade
334,6435,2021-03-26 09:11:43,2021-03-26T08:11:43.043000Z,SE0000310336,2021-03-26 09:11:43,2021-03-26T08:11:43.043000Z,SEK,XSTO,XSTO,MonetaryAmount,N,12-------PH---,000078484,672.8,195,,,
335,6434,2021-03-26 09:11:43,2021-03-26T08:11:43.043000Z,SE0000310336,2021-03-26 09:11:43,2021-03-26T08:11:43.043000Z,SEK,XSTO,XSTO,MonetaryAmount,N,12-------PH---,000078485,672.8,30,,,
336,6433,2021-03-26 09:11:43,2021-03-26T08:11:43.043000Z,SE0000310336,2021-03-26 09:11:43,2021-03-26T08:11:43.043000Z,SEK,XSTO,XSTO,MonetaryAmount,N,12-------PH---,000078486,672.8,119,,,
337,6432,2021-03-26 09:11:45,2021-03-26T08:11:45.340000Z,SE0000310336,2021-03-26 09:11:45,2021-03-26T08:11:45.340000Z,SEK,XSTO,XSTO,MonetaryAmount,N,12-------PH---,000078633,673.0,22,,,
338,6431,2021-03-26 09:11:45,2021-03-26T08:11:45.823000Z,SE0000310336,2021-03-26 09:11:45,2021-03-26T08:11:45.823000Z,SEK,XSTO,XSTO,MonetaryAmount,N,12-------PH---,000078657,673.0,14,,,
339,6430,2021-03-26 09:12:02,2021-03-26T08:12:02.753000Z,SE0000310336,2021-03-26 09:12:02,2021-03-26T08:12:02.753000Z,SEK,XSTO,XSTO,MonetaryAmount,N,12-------PH---,000079629,672.8,2,,,
340,6429,2021-03-26 09:12:02,2021-03-26T08:12:02.753000Z,SE0000310336,2021-03-26 09:12:02,2021-03-26T08:12:02.753000Z,SEK,XSTO,XSTO,MonetaryAmount,N,12-------PH---,000079630,672.8,32,,,
341,6428,2021-03-26 09:12:06,2021-03-26T08:12:06.177000Z,SE0000310336,2021-03-26 09:12:06,2021-03-26T08:12:06.177000Z,SEK,DSTO,XSTO,MonetaryAmount,N,32D---S--PH---,000079877,672.7,30,,,Nordic@Mid trade
342,6427,2021-03-26 09:12:17,2021-03-26T08:12:17.007000Z,SE0000310336,2021-03-26 09:12:17,2021-03-26T08:12:17.007000Z,SEK,XSTO,XSTO,MonetaryAmount,N,12-------PH---,000080461,672.8,2,,,
343,6426,2021-03-26 09:12:17,2021-03-26T08:12:17.007000Z,SE0000310336,2021-03-26 09:12:17,2021-03-26T08:12:17.007000Z,SEK,XSTO,XSTO,MonetaryAmount,N,12-------PH---,000080462,672.8,35,,,
344,6425,2021-03-26 09:12:17,2021-03-26T08:12:17.007000Z,SE0000310336,2021-03-26 09:12:17,2021-03-26T08:12:17.007000Z,SEK,XSTO,XSTO,MonetaryAmount,N,12-------PH---,000080463,672.8,121,,,
345,6424,2021-03-26 09:12:17,2021-03-26T08:12:17.007000Z,SE0000310336,2021-03-26 09:12:17,2021-03-26T08:12:17.007000Z,SEK,XSTO,XSTO,MonetaryAmount,N,12-------PH---,000080464,673.0,91,,,
346,6423,2021-03-26 09:12:17,2021-03-26T08:12:17.027000Z,SE0000310336,2021-03-26 09:12:17,2021-03-26T08:12:17.027000Z,SEK,XSTO,XSTO,MonetaryAmount,N,12-------PH---,000080465,673.0,150,,,
347,6422,2021-03-26 09:12:17,2021-03-26T08:12:17.027000Z,SE0000310336,2021-03-26 09:12:17,2021-03-26T08:12:17.027000Z,SEK,XSTO,XSTO,MonetaryAmount,N,12-------PH---,000080466,673.0,33,,,
348,6421,2021-03-26 09:12:17,2021-03-26T08:12:17.027000Z,SE0000310336,2021-03-26 09:12:17,2021-03-26T08:12:17.027000Z,SEK,XSTO,XSTO,MonetaryAmount,N,12-------PH---,000080467,673.0,100,,,
349,6420,2021-03-26 09:12:28,2021-03-26T08:12:28.637000Z,SE0000310336,2021-03-26 09:12:28,2021-03-26T08:12:28.637000Z,SEK,XSTO,XSTO,MonetaryAmount,N,45-3-----PH---,F050089982,673.0,3,,,Standard Routed Trade
350,6419,2021-03-26 09:12:35,2021-03-26T08:12:35.163000Z,SE0000310336,2021-03-26 09:12:35,2021-03-26T08:12:35.163000Z,SEK,XSTO,XSTO,MonetaryAmount,N,12-------PH---,000081377,673.0,2,,,
351,6418,2021-03-26 09:12:35,2021-03-26T08:12:35.557000Z,SE0000310336,2021-03-26 09:12:35,2021-03-26T08:12:35.557000Z,SEK,XSTO,XSTO,MonetaryAmount,N,12-------PH---,000081418,672.8,1,,,
352,6417,2021-03-26 09:12:36,2021-03-26T08:12:36.133000Z,SE0000310336,2021-03-26 09:12:36,2021-03-26T08:12:36.133000Z,SEK,XSTO,XSTO,MonetaryAmount,N,12-------PH---,000081454,672.8,5,,,
353,6416,2021-03-26 09:12:36,2021-03-26T08:12:36.133000Z,SE0000310336,2021-03-26 09:12:36,2021-03-26T08:12:36.133000Z,SEK,XSTO,XSTO,MonetaryAmount,N,12-------PH---,000081455,672.8,43,,,
354,6415,2021-03-26 09:12:36,2021-03-26T08:12:36.133000Z,SE0000310336,2021-03-26 09:12:36,2021-03-26T08:12:36.133000Z,SEK,XSTO,XSTO,MonetaryAmount,N,12-------PH---,000081456,672.8,52,,,
355,6414,2021-03-26 09:12:40,2021-03-26T08:12:40.127000Z,SE0000310336,2021-03-26 09:12:40,2021-03-26T08:12:40.127000Z,SEK,XSTO,XSTO,MonetaryAmount,N,12-------PH---,000081646,673.0,1,,,
356,6413,2021-03-26 09:13:00,2021-03-26T08:13:00.757000Z,SE0000310336,2021-03-26 09:13:00,2021-03-26T08:13:00.757000Z,SEK,XSTO,XSTO,MonetaryAmount,N,12-------PH---,000082854,672.6,25,,,
357,6412,2021-03-26 09:13:00,2021-03-26T08:13:00.757000Z,SE0000310336,2021-03-26 09:13:00,2021-03-26T08:13:00.757000Z,SEK,XSTO,XSTO,MonetaryAmount,N,12-------PH---,000082855,672.6,89,,,
358,6411,2021-03-26 09:13:00,2021-03-26T08:13:00.757000Z,SE0000310336,2021-03-26 09:13:00,2021-03-26T08:13:00.757000Z,SEK,XSTO,XSTO,MonetaryAmount,N,12-------PH---,000082856,672.6,10,,,
359,6410,2021-03-26 09:13:00,2021-03-26T08:13:00.757000Z,SE0000310336,2021-03-26 09:13:00,2021-03-26T08:13:00.757000Z,SEK,XSTO,XSTO,MonetaryAmount,N,12-------PH---,000082857,672.6,69,,,
360,6409,2021-03-26 09:13:00,2021-03-26T08:13:00.757000Z,SE0000310336,2021-03-26 09:13:00,2021-03-26T08:13:00.757000Z,SEK,XSTO,XSTO,MonetaryAmount,N,12-------PH---,000082858,672.6,63,,,
361,6408,2021-03-26 09:13:02,2021-03-26T08:13:02.287000Z,SE0000310336,2021-03-26 09:13:02,2021-03-26T08:13:02.287000Z,SEK,XSTO,XSTO,MonetaryAmount,N,12-------P----,000082997,672.4,40,,,
362,6407,2021-03-26 09:13:03,2021-03-26T08:13:03.123000Z,SE0000310336,2021-03-26 09:13:03,2021-03-26T08:13:03.123000Z,SEK,XSTO,XSTO,MonetaryAmount,N,12-------PH---,000083049,672.4,90,,,
363,6406,2021-03-26 09:13:03,2021-03-26T08:13:03.123000Z,SE0000310336,2021-03-26 09:13:03,2021-03-26T08:13:03.123000Z,SEK,XSTO,XSTO,MonetaryAmount,N,12-------PH---,000083050,672.4,10,,,
364,6405,2021-03-26 09:13:08,2021-03-26T08:13:08.623000Z,SE0000310336,2021-03-26 09:13:08,2021-03-26T08:13:08.623000Z,SEK,XSTO,XSTO,MonetaryAmount,N,12-------PH---,000083660,672.4,12,,,
365,6404,2021-03-26 09:13:08,2021-03-26T08:13:08.623000Z,SE0000310336,2021-03-26 09:13:08,2021-03-26T08:13:08.623000Z,SEK,XSTO,XSTO,MonetaryAmount,N,12-------PH---,000083661,672.4,25,,,
366,6403,2021-03-26 09:13:21,2021-03-26T08:13:21.730000Z,SE0000310336,2021-03-26 09:13:21,2021-03-26T08:13:21.730000Z,SEK,XSTO,XSTO,MonetaryAmount,N,12-------PH---,000084310,672.4,40,,,
367,6402,2021-03-26 09:13:21,2021-03-26T08:13:21.730000Z,SE0000310336,2021-03-26 09:13:21,2021-03-26T08:13:21.730000Z,SEK,XSTO,XSTO,MonetaryAmount,N,12-------PH---,000084311,672.4,10,,,
368,6401,2021-03-26 09:13:21,2021-03-26T08:13:21.730000Z,SE0000310336,2021-03-26 09:13:21,2021-03-26T08:13:21.730000Z,SEK,XSTO,XSTO,MonetaryAmount,N,12-------PH---,000084312,672.4,128,,,
369,6400,2021-03-26 09:13:21,2021-03-26T08:13:21.730000Z,SE0000310336,2021-03-26 09:13:21,2021-03-26T08:13:21.730000Z,SEK,XSTO,XSTO,MonetaryAmount,N,12-------PH---,000084313,672.4,123,,,
370,6399,2021-03-26 09:13:21,2021-03-26T08:13:21.730000Z,SE0000310336,2021-03-26 09:13:21,2021-03-26T08:13:21.730000Z,SEK,XSTO,XSTO,MonetaryAmount,N,12-------PH---,000084314,672.4,57,,,
371,6398,2021-03-26 09:13:21,2021-03-26T08:13:21.767000Z,SE0000310336,2021-03-26 09:13:21,2021-03-26T08:13:21.767000Z,SEK,XSTO,XSTO,MonetaryAmount,N,12-------PH---,000084327,672.6,30,,,
372,6397,2021-03-26 09:13:21,2021-03-26T08:13:21.767000Z,SE0000310336,2021-03-26 09:13:21,2021-03-26T08:13:21.767000Z,SEK,XSTO,XSTO,MonetaryAmount,N,12-------P----,000084328,672.6,1,,,
373,6396,2021-03-26 09:13:21,2021-03-26T08:13:21.767000Z,SE0000310336,2021-03-26 09:13:21,2021-03-26T08:13:21.767000Z,SEK,XSTO,XSTO,MonetaryAmount,N,12-------PH---,000084332,672.6,1,,,
374,6395,2021-03-26 09:13:31,2021-03-26T08:13:31.723000Z,SE0000310336,2021-03-26 09:13:31,2021-03-26T08:13:31.723000Z,SEK,XSTO,XSTO,MonetaryAmount,N,12-------PH---,000084861,673.0,1,,,
375,6394,2021-03-26 09:13:31,2021-03-26T08:13:31.723000Z,SE0000310336,2021-03-26 09:13:31,2021-03-26T08:13:31.723000Z,SEK,XSTO,XSTO,MonetaryAmount,N,12-------PH---,000084862,673.0,88,,,
376,6393,2021-03-26 09:13:31,2021-03-26T08:13:31.723000Z,SE0000310336,2021-03-26 09:13:31,2021-03-26T08:13:31.723000Z,SEK,XSTO,XSTO,MonetaryAmount,N,12-------PH---,000084863,673.0,91,,,
377,6392,2021-03-26 09:13:31,2021-03-26T08:13:31.723000Z,SE0000310336,2021-03-26 09:13:31,2021-03-26T08:13:31.723000Z,SEK,XSTO,XSTO,MonetaryAmount,N,12-------PH---,000084864,673.0,54,,,
378,6391,2021-03-26 09:13:31,2021-03-26T08:13:31.723000Z,SE0000310336,2021-03-26 09:13:31,2021-03-26T08:13:31.723000Z,SEK,XSTO,XSTO,MonetaryAmount,N,12-------PH---,000084865,673.0,82,,,
379,6390,2021-03-26 09:13:31,2021-03-26T08:13:31.723000Z,SE0000310336,2021-03-26 09:13:31,2021-03-26T08:13:31.723000Z,SEK,XSTO,XSTO,MonetaryAmount,N,12-------PH---,000084866,673.0,1100,,,
380,6389,2021-03-26 09:13:31,2021-03-26T08:13:31.723000Z,SE0000310336,2021-03-26 09:13:31,2021-03-26T08:13:31.723000Z,SEK,XSTO,XSTO,MonetaryAmount,N,12-------PH---,000084867,673.0,127,,,
381,6388,2021-03-26 09:13:31,2021-03-26T08:13:31.723000Z,SE0000310336,2021-03-26 09:13:31,2021-03-26T08:13:31.723000Z,SEK,XSTO,XSTO,MonetaryAmount,N,12-------PH---,000084868,673.0,150,,,
382,6387,2021-03-26 09:13:31,2021-03-26T08:13:31.743000Z,SE0000310336,2021-03-26 09:13:31,2021-03-26T08:13:31.743000Z,SEK,XSTO,XSTO,MonetaryAmount,N,12-------PH---,000084870,673.0,16,,,
383,6386,2021-03-26 09:13:31,2021-03-26T08:13:31.747000Z,SE0000310336,2021-03-26 09:13:31,2021-03-26T08:13:31.747000Z,SEK,XSTO,XSTO,MonetaryAmount,N,12-------PH---,000084871,673.0,6,,,
384,6385,2021-03-26 09:13:31,2021-03-26T08:13:31.810000Z,SE0000310336,2021-03-26 09:13:31,2021-03-26T08:13:31.810000Z,SEK,XSTO,XSTO,MonetaryAmount,N,12-------PH---,000084874,673.0,78,,,
385,6384,2021-03-26 09:13:31,2021-03-26T08:13:31.810000Z,SE0000310336,2021-03-26 09:13:31,2021-03-26T08:13:31.810000Z,SEK,XSTO,XSTO,MonetaryAmount,N,12-------PH---,000084875,673.0,29,,,
386,6383,2021-03-26 09:13:39,2021-03-26T08:13:39.867000Z,SE0000310336,2021-03-26 09:13:39,2021-03-26T08:13:39.867000Z,SEK,XSTO,XSTO,MonetaryAmount,N,12-------PH---,000085225,673.0,47,,,
387,6382,2021-03-26 09:13:42,2021-03-26T08:13:42.707000Z,SE0000310336,2021-03-26 09:13:42,2021-03-26T08:13:42.707000Z,SEK,XSTO,XSTO,MonetaryAmount,N,12-------PH---,000085362,672.6,77,,,
388,6381,2021-03-26 09:13:42,2021-03-26T08:13:42.707000Z,SE0000310336,2021-03-26 09:13:42,2021-03-26T08:13:42.707000Z,SEK,XSTO,XSTO,MonetaryAmount,N,12-------PH---,000085363,672.6,200,,,
389,6380,2021-03-26 09:13:42,2021-03-26T08:13:42.707000Z,SE0000310336,2021-03-26 09:13:42,2021-03-26T08:13:42.707000Z,SEK,XSTO,XSTO,MonetaryAmount,N,12-------P----,000085364,672.6,40,,,
390,6379,2021-03-26 09:13:42,2021-03-26T08:13:42.707000Z,SE0000310336,2021-03-26 09:13:42,2021-03-26T08:13:42.707000Z,SEK,XSTO,XSTO,MonetaryAmount,N,12-------PH---,000085365,672.6,21,,,
391,6378,2021-03-26 09:13:45,2021-03-26T08:13:45.270000Z,SE0000310336,2021-03-26 09:13:45,2021-03-26T08:13:45.270000Z,SEK,MSTO,XSTO,MonetaryAmount,N,5U-------PH---,000085582,672.8,12,,,Auction On Demand
392,6377,2021-03-26 09:13:52,2021-03-26T08:13:52.423000Z,SE0000310336,2021-03-26 09:13:52,2021-03-26T08:13:52.423000Z,SEK,XSTO,XSTO,MonetaryAmount,N,12-------PH---,000085955,672.6,79,,,
393,6376,2021-03-26 09:13:53,2021-03-26T08:13:53.803000Z,SE0000310336,2021-03-26 09:13:53,2021-03-26T08:13:53.803000Z,SEK,XSTO,XSTO,MonetaryAmount,N,12-------PH---,000086008,672.6,40,,,
394,6375,2021-03-26 09:14:38,2021-03-26T08:14:38.133000Z,SE0000310336,2021-03-26 09:14:38,2021-03-26T08:14:38.133000Z,SEK,XSTO,XSTO,MonetaryAmount,N,12-------PH---,000088010,672.8,2,,,
395,6374,2021-03-26 09:14:38,2021-03-26T08:14:38.133000Z,SE0000310336,2021-03-26 09:14:38,2021-03-26T08:14:38.133000Z,SEK,XSTO,XSTO,MonetaryAmount,N,12-------PH---,000088011,672.8,4,,,
396,6373,2021-03-26 09:14:38,2021-03-26T08:14:38.133000Z,SE0000310336,2021-03-26 09:14:38,2021-03-26T08:14:38.133000Z,SEK,XSTO,XSTO,MonetaryAmount,N,12-------PH---,000088012,672.8,1,,,
397,6372,2021-03-26 09:15:04,2021-03-26T08:15:04.533000Z,SE0000310336,2021-03-26 09:15:04,2021-03-26T08:15:04.533000Z,SEK,XSTO,XSTO,MonetaryAmount,N,12-------PH---,000089534,672.6,168,,,
398,6371,2021-03-26 09:15:04,2021-03-26T08:15:04.533000Z,SE0000310336,2021-03-26 09:15:04,2021-03-26T08:15:04.533000Z,SEK,XSTO,XSTO,MonetaryAmount,N,12-------PH---,000089535,672.6,127,,,
399,6370,2021-03-26 09:15:04,2021-03-26T08:15:04.533000Z,SE0000310336,2021-03-26 09:15:04,2021-03-26T08:15:04.533000Z,SEK,XSTO,XSTO,MonetaryAmount,N,12-------PH---,000089536,672.6,60,,,
400,6369,2021-03-26 09:15:05,2021-03-26T08:15:05.350000Z,SE0000310336,2021-03-26 09:15:05,2021-03-26T08:15:05.350000Z,SEK,XSTO,XSTO,MonetaryAmount,N,12-------PH---,000089658,673.0,170,,,
401,6368,2021-03-26 09:15:13,2021-03-26T08:15:13.193000Z,SE0000310336,2021-03-26 09:15:13,2021-03-26T08:15:13.193000Z,SEK,XSTO,XSTO,MonetaryAmount,N,12-------PH---,000090009,673.0,7,,,
402,6367,2021-03-26 09:15:13,2021-03-26T08:15:13.193000Z,SE0000310336,2021-03-26 09:15:13,2021-03-26T08:15:13.193000Z,SEK,XSTO,XSTO,MonetaryAmount,N,12-------PH---,000090011,673.0,29,,,
403,6366,2021-03-26 09:15:13,2021-03-26T08:15:13.193000Z,SE0000310336,2021-03-26 09:15:13,2021-03-26T08:15:13.193000Z,SEK,XSTO,XSTO,MonetaryAmount,N,12-------PH---,000090012,673.0,100,,,
404,6365,2021-03-26 09:15:13,2021-03-26T08:15:13.217000Z,SE0000310336,2021-03-26 09:15:13,2021-03-26T08:15:13.217000Z,SEK,XSTO,XSTO,MonetaryAmount,N,12-------PH---,000090025,673.0,5,,,
405,6364,2021-03-26 09:15:13,2021-03-26T08:15:13.233000Z,SE0000310336,2021-03-26 09:15:13,2021-03-26T08:15:13.233000Z,SEK,XSTO,XSTO,MonetaryAmount,N,12-------PH---,000090027,673.0,85,,,
406,6363,2021-03-26 09:15:13,2021-03-26T08:15:13.233000Z,SE0000310336,2021-03-26 09:15:13,2021-03-26T08:15:13.233000Z,SEK,XSTO,XSTO,MonetaryAmount,N,12-------PH---,000090028,673.0,11,,,
407,6362,2021-03-26 09:15:13,2021-03-26T08:15:13.233000Z,SE0000310336,2021-03-26 09:15:13,2021-03-26T08:15:13.233000Z,SEK,XSTO,XSTO,MonetaryAmount,N,12-------PH---,000090029,673.0,24,,,
408,6361,2021-03-26 09:15:29,2021-03-26T08:15:29.810000Z,SE0000310336,2021-03-26 09:15:29,2021-03-26T08:15:29.810000Z,SEK,XSTO,XSTO,MonetaryAmount,N,12-------PH---,000091020,673.0,14,,,
409,6360,2021-03-26 09:15:39,2021-03-26T08:15:39.880000Z,SE0000310336,2021-03-26 09:15:39,2021-03-26T08:15:39.880000Z,SEK,XSTO,XSTO,MonetaryAmount,N,12-------P----,000091478,673.2,2,,,
410,6359,2021-03-26 09:15:39,2021-03-26T08:15:39.880000Z,SE0000310336,2021-03-26 09:15:39,2021-03-26T08:15:39.880000Z,SEK,XSTO,XSTO,MonetaryAmount,N,12-------PH---,000091479,673.2,7,,,
411,6358,2021-03-26 09:15:39,2021-03-26T08:15:39.880000Z,SE0000310336,2021-03-26 09:15:39,2021-03-26T08:15:39.880000Z,SEK,XSTO,XSTO,MonetaryAmount,N,12-------PH---,000091480,673.2,150,,,
412,6357,2021-03-26 09:15:39,2021-03-26T08:15:39.880000Z,SE0000310336,2021-03-26 09:15:39,2021-03-26T08:15:39.880000Z,SEK,XSTO,XSTO,MonetaryAmount,N,12-------PH---,000091481,673.2,30,,,
413,6356,2021-03-26 09:15:39,2021-03-26T08:15:39.880000Z,SE0000310336,2021-03-26 09:15:39,2021-03-26T08:15:39.880000Z,SEK,XSTO,XSTO,MonetaryAmount,N,12-------PH---,000091482,673.2,114,,,
414,6355,2021-03-26 09:15:39,2021-03-26T08:15:39.967000Z,SE0000310336,2021-03-26 09:15:39,2021-03-26T08:15:39.967000Z,SEK,MSTO,XSTO,MonetaryAmount,N,5U-------PH---,000091486,673.1,192,,,Auction On Demand
415,6354,2021-03-26 09:15:39,2021-03-26T08:15:39.970000Z,SE0000310336,2021-03-26 09:15:39,2021-03-26T08:15:39.970000Z,SEK,XSTO,XSTO,MonetaryAmount,N,12-------PH---,000091488,673.0,139,,,
416,6353,2021-03-26 09:15:39,2021-03-26T08:15:39.970000Z,SE0000310336,2021-03-26 09:15:39,2021-03-26T08:15:39.970000Z,SEK,XSTO,XSTO,MonetaryAmount,N,12-------PH---,000091489,672.8,3,,,
417,6352,2021-03-26 09:15:39,2021-03-26T08:15:39.970000Z,SE0000310336,2021-03-26 09:15:39,2021-03-26T08:15:39.970000Z,SEK,XSTO,XSTO,MonetaryAmount,N,12-------PH---,000091490,672.8,6,,,
418,6351,2021-03-26 09:15:42,2021-03-26T08:15:42.100000Z,SE0000310336,2021-03-26 09:15:42,2021-03-26T08:15:42.100000Z,SEK,DSTO,XSTO,MonetaryAmount,N,32D---S--PH---,000091683,672.8,20,,,Nordic@Mid trade
419,6350,2021-03-26 09:15:58,2021-03-26T08:15:58.157000Z,SE0000310336,2021-03-26 09:15:58,2021-03-26T08:15:58.157000Z,SEK,XSTO,XSTO,MonetaryAmount,N,12-------PH---,000092583,672.6,77,,,
420,6349,2021-03-26 09:15:58,2021-03-26T08:15:58.157000Z,SE0000310336,2021-03-26 09:15:58,2021-03-26T08:15:58.157000Z,SEK,XSTO,XSTO,MonetaryAmount,N,12-------PH---,000092584,672.6,34,,,
421,6348,2021-03-26 09:15:58,2021-03-26T08:15:58.157000Z,SE0000310336,2021-03-26 09:15:58,2021-03-26T08:15:58.157000Z,SEK,XSTO,XSTO,MonetaryAmount,N,12-------PH---,000092585,672.6,2,,,
422,6347,2021-03-26 09:15:58,2021-03-26T08:15:58.157000Z,SE0000310336,2021-03-26 09:15:58,2021-03-26T08:15:58.157000Z,SEK,XSTO,XSTO,MonetaryAmount,N,12-------PH---,000092586,672.6,6,,,
423,6346,2021-03-26 09:15:58,2021-03-26T08:15:58.157000Z,SE0000310336,2021-03-26 09:15:58,2021-03-26T08:15:58.157000Z,SEK,XSTO,XSTO,MonetaryAmount,N,12-------PH---,000092587,672.6,13,,,
424,6345,2021-03-26 09:16:11,2021-03-26T08:16:11.593000Z,SE0000310336,2021-03-26 09:16:11,2021-03-26T08:16:11.593000Z,SEK,XSTO,XSTO,MonetaryAmount,N,12-------PH---,000093650,672.4,13,,,
425,6344,2021-03-26 09:16:11,2021-03-26T08:16:11.593000Z,SE0000310336,2021-03-26 09:16:11,2021-03-26T08:16:11.593000Z,SEK,XSTO,XSTO,MonetaryAmount,N,12-------PH---,000093651,672.4,1,,,
426,6343,2021-03-26 09:16:11,2021-03-26T08:16:11.593000Z,SE0000310336,2021-03-26 09:16:11,2021-03-26T08:16:11.593000Z,SEK,XSTO,XSTO,MonetaryAmount,N,12-------PH---,000093652,672.4,499,,,
427,6342,2021-03-26 09:16:11,2021-03-26T08:16:11.593000Z,SE0000310336,2021-03-26 09:16:11,2021-03-26T08:16:11.593000Z,SEK,XSTO,XSTO,MonetaryAmount,N,12-------PH---,000093653,672.4,1,,,
428,6341,2021-03-26 09:16:11,2021-03-26T08:16:11.593000Z,SE0000310336,2021-03-26 09:16:11,2021-03-26T08:16:11.593000Z,SEK,XSTO,XSTO,MonetaryAmount,N,12-------PH---,000093654,672.4,50,,,
429,6340,2021-03-26 09:16:11,2021-03-26T08:16:11.617000Z,SE0000310336,2021-03-26 09:16:11,2021-03-26T08:16:11.617000Z,SEK,XSTO,XSTO,MonetaryAmount,N,12-------PH---,000093655,672.4,90,,,
430,6339,2021-03-26 09:16:11,2021-03-26T08:16:11.617000Z,SE0000310336,2021-03-26 09:16:11,2021-03-26T08:16:11.617000Z,SEK,XSTO,XSTO,MonetaryAmount,N,12-------PH---,000093656,672.4,100,,,
431,6338,2021-03-26 09:16:11,2021-03-26T08:16:11.637000Z,SE0000310336,2021-03-26 09:16:11,2021-03-26T08:16:11.637000Z,SEK,XSTO,XSTO,MonetaryAmount,N,12-------PH---,000093662,672.4,32,,,
432,6337,2021-03-26 09:16:12,2021-03-26T08:16:12.703000Z,SE0000310336,2021-03-26 09:16:12,2021-03-26T08:16:12.703000Z,SEK,XSTO,XSTO,MonetaryAmount,N,12-------PH---,000093806,672.6,81,,,
433,6336,2021-03-26 09:16:16,2021-03-26T08:16:16.690000Z,SE0000310336,2021-03-26 09:16:16,2021-03-26T08:16:16.690000Z,SEK,XSTO,XSTO,MonetaryAmount,N,12-------PH---,000094096,672.4,90,,,
434,6335,2021-03-26 09:16:36,2021-03-26T08:16:36.260000Z,SE0000310336,2021-03-26 09:16:36,2021-03-26T08:16:36.260000Z,SEK,XSTO,XSTO,MonetaryAmount,N,12-------PH---,000095154,672.2,2,,,
435,6334,2021-03-26 09:16:36,2021-03-26T08:16:36.260000Z,SE0000310336,2021-03-26 09:16:36,2021-03-26T08:16:36.260000Z,SEK,XSTO,XSTO,MonetaryAmount,N,12-------PH---,000095155,672.2,132,,,
436,6333,2021-03-26 09:16:36,2021-03-26T08:16:36.260000Z,SE0000310336,2021-03-26 09:16:36,2021-03-26T08:16:36.260000Z,SEK,XSTO,XSTO,MonetaryAmount,N,12-------PH---,000095156,672.2,103,,,
437,6332,2021-03-26 09:16:36,2021-03-26T08:16:36.260000Z,SE0000310336,2021-03-26 09:16:36,2021-03-26T08:16:36.260000Z,SEK,XSTO,XSTO,MonetaryAmount,N,12-------PH---,000095157,672.2,10,,,
438,6331,2021-03-26 09:16:36,2021-03-26T08:16:36.260000Z,SE0000310336,2021-03-26 09:16:36,2021-03-26T08:16:36.260000Z,SEK,XSTO,XSTO,MonetaryAmount,N,12-------PH---,000095158,672.2,2,,,
439,6330,2021-03-26 09:16:45,2021-03-26T08:16:45.347000Z,SE0000310336,2021-03-26 09:16:45,2021-03-26T08:16:45.347000Z,SEK,XSTO,XSTO,MonetaryAmount,N,12-------PH---,000095674,672.2,4,,,
440,6329,2021-03-26 09:16:45,2021-03-26T08:16:45.347000Z,SE0000310336,2021-03-26 09:16:45,2021-03-26T08:16:45.347000Z,SEK,XSTO,XSTO,MonetaryAmount,N,12-------PH---,000095675,672.2,122,,,
441,6328,2021-03-26 09:16:45,2021-03-26T08:16:45.347000Z,SE0000310336,2021-03-26 09:16:45,2021-03-26T08:16:45.347000Z,SEK,XSTO,XSTO,MonetaryAmount,N,12-------PH---,000095676,672.2,3,,,
442,6327,2021-03-26 09:16:45,2021-03-26T08:16:45.433000Z,SE0000310336,2021-03-26 09:16:45,2021-03-26T08:16:45.433000Z,SEK,XSTO,XSTO,MonetaryAmount,N,12-------PH---,000095697,672.2,92,,,
443,6326,2021-03-26 09:16:45,2021-03-26T08:16:45.433000Z,SE0000310336,2021-03-26 09:16:45,2021-03-26T08:16:45.433000Z,SEK,XSTO,XSTO,MonetaryAmount,N,12-------PH---,000095698,672.2,8,,,
444,6325,2021-03-26 09:16:49,2021-03-26T08:16:49.703000Z,SE0000310336,2021-03-26 09:16:49,2021-03-26T08:16:49.703000Z,SEK,XSTO,XSTO,MonetaryAmount,N,12-------PH---,000095986,672.2,4,,,
445,6324,2021-03-26 09:17:00,2021-03-26T08:17:00.497000Z,SE0000310336,2021-03-26 09:17:00,2021-03-26T08:17:00.497000Z,SEK,XSTO,XSTO,MonetaryAmount,N,12-------PH---,000096460,672.0,1,,,
446,6323,2021-03-26 09:17:00,2021-03-26T08:17:00.497000Z,SE0000310336,2021-03-26 09:17:00,2021-03-26T08:17:00.497000Z,SEK,XSTO,XSTO,MonetaryAmount,N,12-------PH---,000096461,672.0,10,,,
447,6322,2021-03-26 09:17:00,2021-03-26T08:17:00.497000Z,SE0000310336,2021-03-26 09:17:00,2021-03-26T08:17:00.497000Z,SEK,XSTO,XSTO,MonetaryAmount,N,12-------PH---,000096462,672.0,100,,,
448,6321,2021-03-26 09:17:00,2021-03-26T08:17:00.500000Z,SE0000310336,2021-03-26 09:17:00,2021-03-26T08:17:00.500000Z,SEK,XSTO,XSTO,MonetaryAmount,N,12-------PH---,000096463,672.0,100,,,
449,6320,2021-03-26 09:17:00,2021-03-26T08:17:00.570000Z,SE0000310336,2021-03-26 09:17:00,2021-03-26T08:17:00.570000Z,SEK,DSTO,XSTO,MonetaryAmount,N,32D---S--PH---,000096466,672.1,112,,,Nordic@Mid trade
450,6319,2021-03-26 09:17:04,2021-03-26T08:17:04.343000Z,SE0000310336,2021-03-26 09:17:04,2021-03-26T08:17:04.343000Z,SEK,XSTO,XSTO,MonetaryAmount,N,12-------PH---,000096718,672.2,2,,,
451,6318,2021-03-26 09:17:10,2021-03-26T08:17:10.803000Z,SE0000310336,2021-03-26 09:17:10,2021-03-26T08:17:10.803000Z,SEK,XSTO,XSTO,MonetaryAmount,N,12-------PH---,000097099,672.2,2,,,
452,6317,2021-03-26 09:17:19,2021-03-26T08:17:19.377000Z,SE0000310336,2021-03-26 09:17:19,2021-03-26T08:17:19.377000Z,SEK,XSTO,XSTO,MonetaryAmount,N,12-------PH---,000097582,672.2,1,,,
453,6316,2021-03-26 09:17:26,2021-03-26T08:17:26.583000Z,SE0000310336,2021-03-26 09:17:26,2021-03-26T08:17:26.583000Z,SEK,XSTO,XSTO,MonetaryAmount,N,12-------PH---,000098022,672.0,108,,,
454,6315,2021-03-26 09:17:26,2021-03-26T08:17:26.583000Z,SE0000310336,2021-03-26 09:17:26,2021-03-26T08:17:26.583000Z,SEK,XSTO,XSTO,MonetaryAmount,N,12-------PH---,000098023,672.0,2,,,
455,6314,2021-03-26 09:17:41,2021-03-26T08:17:41.790000Z,SE0000310336,2021-03-26 09:17:41,2021-03-26T08:17:41.790000Z,SEK,XSTO,XSTO,MonetaryAmount,N,12-------PH---,000098742,672.0,2,,,
456,6313,2021-03-26 09:17:41,2021-03-26T08:17:41.990000Z,SE0000310336,2021-03-26 09:17:41,2021-03-26T08:17:41.990000Z,SEK,XSTO,XSTO,MonetaryAmount,N,12-------PH---,000098751,672.0,2,,,
457,6312,2021-03-26 09:17:51,2021-03-26T08:17:51.487000Z,SE0000310336,2021-03-26 09:17:51,2021-03-26T08:17:51.487000Z,SEK,MSTO,XSTO,MonetaryAmount,N,5U-------PH---,000099171,671.9,6,,,Auction On Demand
458,6311,2021-03-26 09:17:52,2021-03-26T08:17:52.537000Z,SE0000310336,2021-03-26 09:17:52,2021-03-26T08:17:52.537000Z,SEK,XSTO,XSTO,MonetaryAmount,N,12-------PH---,000099219,672.0,3,,,
459,6310,2021-03-26 09:17:52,2021-03-26T08:17:52.537000Z,SE0000310336,2021-03-26 09:17:52,2021-03-26T08:17:52.537000Z,SEK,XSTO,XSTO,MonetaryAmount,N,12-------PH---,000099220,672.0,119,,,
460,6309,2021-03-26 09:17:52,2021-03-26T08:17:52.537000Z,SE0000310336,2021-03-26 09:17:52,2021-03-26T08:17:52.537000Z,SEK,XSTO,XSTO,MonetaryAmount,N,12-------PH---,000099221,672.0,100,,,
461,6308,2021-03-26 09:17:52,2021-03-26T08:17:52.537000Z,SE0000310336,2021-03-26 09:17:52,2021-03-26T08:17:52.537000Z,SEK,XSTO,XSTO,MonetaryAmount,N,12-------PH---,000099222,672.0,56,,,
462,6307,2021-03-26 09:17:52,2021-03-26T08:17:52.537000Z,SE0000310336,2021-03-26 09:17:52,2021-03-26T08:17:52.537000Z,SEK,XSTO,XSTO,MonetaryAmount,N,12-------PH---,000099223,672.0,126,,,
463,6306,2021-03-26 09:17:57,2021-03-26T08:17:57.927000Z,SE0000310336,2021-03-26 09:17:57,2021-03-26T08:17:57.927000Z,SEK,XSTO,XSTO,MonetaryAmount,N,12-------PH---,000099386,672.0,4,,,
464,6305,2021-03-26 09:17:57,2021-03-26T08:17:57.927000Z,SE0000310336,2021-03-26 09:17:57,2021-03-26T08:17:57.927000Z,SEK,XSTO,XSTO,MonetaryAmount,N,12-------PH---,000099387,672.0,86,,,
465,6304,2021-03-26 09:18:04,2021-03-26T08:18:04.710000Z,SE0000310336,2021-03-26 09:18:04,2021-03-26T08:18:04.710000Z,SEK,MSTO,XSTO,MonetaryAmount,N,5U-------P----,000099914,672.1,12,,,Auction On Demand
466,6303,2021-03-26 09:18:06,2021-03-26T08:18:06.467000Z,SE0000310336,2021-03-26 09:18:06,2021-03-26T08:18:06.467000Z,SEK,XSTO,XSTO,MonetaryAmount,N,12-------PH---,000100035,672.0,90,,,
467,6302,2021-03-26 09:18:14,2021-03-26T08:18:14.737000Z,SE0000310336,2021-03-26 09:18:14,2021-03-26T08:18:14.737000Z,SEK,XSTO,XSTO,MonetaryAmount,N,12-------PH---,000100542,672.0,2,,,
468,6301,2021-03-26 09:18:21,2021-03-26T08:18:21.213000Z,SE0000310336,2021-03-26 09:18:21,2021-03-26T08:18:21.213000Z,SEK,XSTO,XSTO,MonetaryAmount,N,12-------PH---,000100855,672.0,2,,,
469,6300,2021-03-26 09:18:26,2021-03-26T08:18:26.937000Z,SE0000310336,2021-03-26 09:18:26,2021-03-26T08:18:26.937000Z,SEK,XSTO,XSTO,MonetaryAmount,N,12-------PH---,000101132,672.0,1,,,
470,6299,2021-03-26 09:18:32,2021-03-26T08:18:32.517000Z,SE0000310336,2021-03-26 09:18:32,2021-03-26T08:18:32.517000Z,SEK,XSTO,XSTO,MonetaryAmount,N,12-------PH---,000101388,672.0,1,,,
471,6298,2021-03-26 09:18:38,2021-03-26T08:18:38.670000Z,SE0000310336,2021-03-26 09:18:38,2021-03-26T08:18:38.670000Z,SEK,XSTO,XSTO,MonetaryAmount,N,12-------PH---,000101673,672.0,1,,,
472,6297,2021-03-26 09:18:52,2021-03-26T08:18:52.300000Z,SE0000310336,2021-03-26 09:18:52,2021-03-26T08:18:52.300000Z,SEK,XSTO,XSTO,MonetaryAmount,N,12-------PH---,000102289,672.0,1,,,
473,6296,2021-03-26 09:18:52,2021-03-26T08:18:52.523000Z,SE0000310336,2021-03-26 09:18:52,2021-03-26T08:18:52.523000Z,SEK,XSTO,XSTO,MonetaryAmount,N,12-------PH---,000102300,671.8,100,,,
474,6295,2021-03-26 09:18:52,2021-03-26T08:18:52.523000Z,SE0000310336,2021-03-26 09:18:52,2021-03-26T08:18:52.527000Z,SEK,XSTO,XSTO,MonetaryAmount,N,12-------PH---,000102301,671.8,48,,,
475,6294,2021-03-26 09:18:52,2021-03-26T08:18:52.523000Z,SE0000310336,2021-03-26 09:18:52,2021-03-26T08:18:52.527000Z,SEK,XSTO,XSTO,MonetaryAmount,N,12-------PH---,000102302,671.8,116,,,
476,6293,2021-03-26 09:18:52,2021-03-26T08:18:52.523000Z,SE0000310336,2021-03-26 09:18:52,2021-03-26T08:18:52.527000Z,SEK,XSTO,XSTO,MonetaryAmount,N,12-------PH---,000102303,671.8,101,,,
477,6292,2021-03-26 09:18:52,2021-03-26T08:18:52.523000Z,SE0000310336,2021-03-26 09:18:52,2021-03-26T08:18:52.527000Z,SEK,XSTO,XSTO,MonetaryAmount,N,12-------PH---,000102304,671.8,35,,,
478,6291,2021-03-26 09:19:17,2021-03-26T08:19:17.597000Z,SE0000310336,2021-03-26 09:19:17,2021-03-26T08:19:17.597000Z,SEK,XSTO,XSTO,MonetaryAmount,N,12-------PH---,000103523,671.8,1,,,
479,6290,2021-03-26 09:19:30,2021-03-26T08:19:30.100000Z,SE0000310336,2021-03-26 09:19:30,2021-03-26T08:19:30.100000Z,SEK,XSTO,XSTO,MonetaryAmount,N,12-------PH---,000104254,671.6,2,,,
480,6289,2021-03-26 09:19:49,2021-03-26T08:19:49.223000Z,SE0000310336,2021-03-26 09:19:49,2021-03-26T08:19:49.223000Z,SEK,XSTO,XSTO,MonetaryAmount,N,12-------PH---,000105189,671.8,2,,,
481,6288,2021-03-26 09:20:00,2021-03-26T08:20:00.230000Z,SE0000310336,2021-03-26 09:20:00,2021-03-26T08:20:00.230000Z,SEK,MSTO,XSTO,MonetaryAmount,N,5U-------PH---,000105704,671.7,192,,,Auction On Demand
482,6287,2021-03-26 09:20:00,2021-03-26T08:20:00.467000Z,SE0000310336,2021-03-26 09:20:00,2021-03-26T08:20:00.467000Z,SEK,XSTO,XSTO,MonetaryAmount,N,12-------PH---,000105720,671.8,97,,,
483,6286,2021-03-26 09:20:00,2021-03-26T08:20:00.467000Z,SE0000310336,2021-03-26 09:20:00,2021-03-26T08:20:00.467000Z,SEK,XSTO,XSTO,MonetaryAmount,N,12-------PH---,000105721,671.8,114,,,
484,6285,2021-03-26 09:20:00,2021-03-26T08:20:00.467000Z,SE0000310336,2021-03-26 09:20:00,2021-03-26T08:20:00.467000Z,SEK,XSTO,XSTO,MonetaryAmount,N,12-------PH---,000105722,671.8,99,,,
485,6284,2021-03-26 09:20:00,2021-03-26T08:20:00.467000Z,SE0000310336,2021-03-26 09:20:00,2021-03-26T08:20:00.467000Z,SEK,XSTO,XSTO,MonetaryAmount,N,12-------PH---,000105723,671.8,2,,,
486,6283,2021-03-26 09:20:00,2021-03-26T08:20:00.467000Z,SE0000310336,2021-03-26 09:20:00,2021-03-26T08:20:00.467000Z,SEK,XSTO,XSTO,MonetaryAmount,N,12-------PH---,000105724,671.8,42,,,
487,6282,2021-03-26 09:20:00,2021-03-26T08:20:00.467000Z,SE0000310336,2021-03-26 09:20:00,2021-03-26T08:20:00.467000Z,SEK,XSTO,XSTO,MonetaryAmount,N,12-------PH---,000105725,671.8,114,,,
488,6281,2021-03-26 09:20:00,2021-03-26T08:20:00.467000Z,SE0000310336,2021-03-26 09:20:00,2021-03-26T08:20:00.467000Z,SEK,XSTO,XSTO,MonetaryAmount,N,12-------PH---,000105726,671.8,35,,,
489,6280,2021-03-26 09:20:00,2021-03-26T08:20:00.753000Z,SE0000310336,2021-03-26 09:20:00,2021-03-26T08:20:00.753000Z,SEK,XSTO,XSTO,MonetaryAmount,N,12-------PH---,000105736,671.8,142,,,
490,6279,2021-03-26 09:20:00,2021-03-26T08:20:00.753000Z,SE0000310336,2021-03-26 09:20:00,2021-03-26T08:20:00.753000Z,SEK,XSTO,XSTO,MonetaryAmount,N,12-------PH---,000105737,671.8,100,,,
491,6278,2021-03-26 09:20:00,2021-03-26T08:20:00.753000Z,SE0000310336,2021-03-26 09:20:00,2021-03-26T08:20:00.753000Z,SEK,XSTO,XSTO,MonetaryAmount,N,12-------PH---,000105738,671.8,86,,,
492,6277,2021-03-26 09:20:05,2021-03-26T08:20:05.597000Z,SE0000310336,2021-03-26 09:20:05,2021-03-26T08:20:05.597000Z,SEK,XSTO,XSTO,MonetaryAmount,N,12-------PH---,000106130,671.8,40,,,
493,6276,2021-03-26 09:20:05,2021-03-26T08:20:05.597000Z,SE0000310336,2021-03-26 09:20:05,2021-03-26T08:20:05.597000Z,SEK,XSTO,XSTO,MonetaryAmount,N,12-------PH---,000106131,671.8,100,,,
494,6275,2021-03-26 09:20:05,2021-03-26T08:20:05.597000Z,SE0000310336,2021-03-26 09:20:05,2021-03-26T08:20:05.597000Z,SEK,XSTO,XSTO,MonetaryAmount,N,12-------PH---,000106132,671.8,10,,,
495,6274,2021-03-26 09:20:05,2021-03-26T08:20:05.597000Z,SE0000310336,2021-03-26 09:20:05,2021-03-26T08:20:05.597000Z,SEK,XSTO,XSTO,MonetaryAmount,N,12-------PH---,000106133,671.8,3,,,
496,6273,2021-03-26 09:20:06,2021-03-26T08:20:06.240000Z,SE0000310336,2021-03-26 09:20:06,2021-03-26T08:20:06.240000Z,SEK,XSTO,XSTO,MonetaryAmount,N,12-------PH---,000106168,671.8,100,,,
497,6272,2021-03-26 09:20:06,2021-03-26T08:20:06.240000Z,SE0000310336,2021-03-26 09:20:06,2021-03-26T08:20:06.240000Z,SEK,XSTO,XSTO,MonetaryAmount,N,12-------PH---,000106169,671.8,57,,,
498,6271,2021-03-26 09:20:08,2021-03-26T08:20:08.447000Z,SE0000310336,2021-03-26 09:20:08,2021-03-26T08:20:08.447000Z,SEK,XSTO,XSTO,MonetaryAmount,N,12-------PH---,000106270,672.0,6,,,
499,6270,2021-03-26 09:20:08,2021-03-26T08:20:08.447000Z,SE0000310336,2021-03-26 09:20:08,2021-03-26T08:20:08.447000Z,SEK,XSTO,XSTO,MonetaryAmount,N,12-------PH---,000106271,672.0,23,,,
500,6269,2021-03-26 09:20:08,2021-03-26T08:20:08.447000Z,SE0000310336,2021-03-26 09:20:08,2021-03-26T08:20:08.447000Z,SEK,XSTO,XSTO,MonetaryAmount,N,12-------PH---,000106272,672.0,3,,,
501,6268,2021-03-26 09:20:10,2021-03-26T08:20:10.860000Z,SE0000310336,2021-03-26 09:20:10,2021-03-26T08:20:10.860000Z,SEK,XSTO,XSTO,MonetaryAmount,N,12-------PH---,000106451,672.0,42,,,
502,6267,2021-03-26 09:20:10,2021-03-26T08:20:10.860000Z,SE0000310336,2021-03-26 09:20:10,2021-03-26T08:20:10.860000Z,SEK,XSTO,XSTO,MonetaryAmount,N,12-------PH---,000106452,672.0,90,,,
503,6266,2021-03-26 09:20:10,2021-03-26T08:20:10.873000Z,SE0000310336,2021-03-26 09:20:10,2021-03-26T08:20:10.873000Z,SEK,XSTO,XSTO,MonetaryAmount,N,12-------PH---,000106453,672.0,100,,,
504,6265,2021-03-26 09:20:10,2021-03-26T08:20:10.883000Z,SE0000310336,2021-03-26 09:20:10,2021-03-26T08:20:10.883000Z,SEK,XSTO,XSTO,MonetaryAmount,N,12-------PH---,000106454,672.0,8,,,
505,6264,2021-03-26 09:20:15,2021-03-26T08:20:15.060000Z,SE0000310336,2021-03-26 09:20:15,2021-03-26T08:20:15.060000Z,SEK,XSTO,XSTO,MonetaryAmount,N,12-------PH---,000106688,671.8,7,,,
506,6263,2021-03-26 09:20:34,2021-03-26T08:20:34.633000Z,SE0000310336,2021-03-26 09:20:34,2021-03-26T08:20:34.633000Z,SEK,XSTO,XSTO,MonetaryAmount,N,12-------PH---,000107689,671.8,140,,,
507,6262,2021-03-26 09:20:34,2021-03-26T08:20:34.633000Z,SE0000310336,2021-03-26 09:20:34,2021-03-26T08:20:34.633000Z,SEK,XSTO,XSTO,MonetaryAmount,N,12-------PH---,000107690,671.8,53,,,
508,6261,2021-03-26 09:20:38,2021-03-26T08:20:38.953000Z,SE0000310336,2021-03-26 09:20:38,2021-03-26T08:20:38.953000Z,SEK,XSTO,XSTO,MonetaryAmount,N,12-------PH---,000107925,672.0,2,,,
509,6260,2021-03-26 09:20:38,2021-03-26T08:20:38.953000Z,SE0000310336,2021-03-26 09:20:38,2021-03-26T08:20:38.953000Z,SEK,XSTO,XSTO,MonetaryAmount,N,12-------PH---,000107926,672.0,100,,,
510,6259,2021-03-26 09:21:02,2021-03-26T08:21:02.893000Z,SE0000310336,2021-03-26 09:21:02,2021-03-26T08:21:02.893000Z,SEK,MSTO,XSTO,MonetaryAmount,N,5U-------P----,000109019,671.9,6,,,Auction On Demand
511,6258,2021-03-26 09:21:05,2021-03-26T08:21:05.280000Z,SE0000310336,2021-03-26 09:21:05,2021-03-26T08:21:05.280000Z,SEK,XSTO,XSTO,MonetaryAmount,N,12-------PH---,000109151,672.0,1,,,
512,6257,2021-03-26 09:21:05,2021-03-26T08:21:05.873000Z,SE0000310336,2021-03-26 09:21:05,2021-03-26T08:21:05.873000Z,SEK,XSTO,XSTO,MonetaryAmount,N,12-------PH---,000109184,672.0,1,,,
513,6256,2021-03-26 09:21:31,2021-03-26T08:21:31.333000Z,SE0000310336,2021-03-26 09:21:31,2021-03-26T08:21:31.333000Z,SEK,XSTO,XSTO,MonetaryAmount,N,12-------PH---,000110346,672.0,3,,,
514,6255,2021-03-26 09:21:31,2021-03-26T08:21:31.353000Z,SE0000310336,2021-03-26 09:21:31,2021-03-26T08:21:31.353000Z,SEK,XSTO,XSTO,MonetaryAmount,N,12-------PH---,000110347,672.0,30,,,
515,6254,2021-03-26 09:21:31,2021-03-26T08:21:31.353000Z,SE0000310336,2021-03-26 09:21:31,2021-03-26T08:21:31.353000Z,SEK,XSTO,XSTO,MonetaryAmount,N,12-------PH---,000110348,672.0,2,,,
516,6253,2021-03-26 09:21:31,2021-03-26T08:21:31.353000Z,SE0000310336,2021-03-26 09:21:31,2021-03-26T08:21:31.353000Z,SEK,XSTO,XSTO,MonetaryAmount,N,12-------PH---,000110349,672.0,30,,,
517,6252,2021-03-26 09:21:34,2021-03-26T08:21:34.723000Z,SE0000310336,2021-03-26 09:21:34,2021-03-26T08:21:34.723000Z,SEK,XSTO,XSTO,MonetaryAmount,N,12-------PH---,000110467,672.0,100,,,
518,6251,2021-03-26 09:21:40,2021-03-26T08:21:40.677000Z,SE0000310336,2021-03-26 09:21:40,2021-03-26T08:21:40.677000Z,SEK,XSTO,XSTO,MonetaryAmount,N,12-------PH---,000110780,672.0,3,,,
519,6250,2021-03-26 09:21:40,2021-03-26T08:21:40.677000Z,SE0000310336,2021-03-26 09:21:40,2021-03-26T08:21:40.677000Z,SEK,XSTO,XSTO,MonetaryAmount,N,12-------PH---,000110781,672.0,100,,,
520,6249,2021-03-26 09:21:42,2021-03-26T08:21:42.947000Z,SE0000310336,2021-03-26 09:21:42,2021-03-26T08:21:42.947000Z,SEK,XSTO,XSTO,MonetaryAmount,N,12-------PH---,000110848,671.8,10,,,
521,6248,2021-03-26 09:21:42,2021-03-26T08:21:42.947000Z,SE0000310336,2021-03-26 09:21:42,2021-03-26T08:21:42.947000Z,SEK,XSTO,XSTO,MonetaryAmount,N,12-------PH---,000110849,671.8,32,,,
522,6247,2021-03-26 09:21:44,2021-03-26T08:21:44.327000Z,SE0000310336,2021-03-26 09:21:44,2021-03-26T08:21:44.327000Z,SEK,DSTO,XSTO,MonetaryAmount,N,32D---S--PH---,000110909,671.8,74,,,Nordic@Mid trade
523,6246,2021-03-26 09:21:49,2021-03-26T08:21:49.073000Z,SE0000310336,2021-03-26 09:21:49,2021-03-26T08:21:49.073000Z,SEK,XSTO,XSTO,MonetaryAmount,N,12-------PH---,000111191,672.0,1,,,
524,6245,2021-03-26 09:21:53,2021-03-26T08:21:53.113000Z,SE0000310336,2021-03-26 09:21:53,2021-03-26T08:21:53.113000Z,SEK,MSTO,XSTO,MonetaryAmount,N,5U-------PH---,000111364,671.9,11,,,Auction On Demand
525,6244,2021-03-26 09:21:55,2021-03-26T08:21:55.307000Z,SE0000310336,2021-03-26 09:21:55,2021-03-26T08:21:55.307000Z,SEK,XSTO,XSTO,MonetaryAmount,N,12-------PH---,000111488,672.0,1,,,
526,6243,2021-03-26 09:22:20,2021-03-26T08:22:20.113000Z,SE0000310336,2021-03-26 09:22:20,2021-03-26T08:22:20.113000Z,SEK,XSTO,XSTO,MonetaryAmount,N,12-------PH---,000112494,671.6,156,,,
527,6242,2021-03-26 09:22:34,2021-03-26T08:22:34.503000Z,SE0000310336,2021-03-26 09:22:34,2021-03-26T08:22:34.503000Z,SEK,XSTO,XSTO,MonetaryAmount,N,12-------PH---,000113303,671.4,10,,,
528,6241,2021-03-26 09:22:34,2021-03-26T08:22:34.503000Z,SE0000310336,2021-03-26 09:22:34,2021-03-26T08:22:34.507000Z,SEK,XSTO,XSTO,MonetaryAmount,N,12-------PH---,000113304,671.4,1,,,
529,6240,2021-03-26 09:22:34,2021-03-26T08:22:34.503000Z,SE0000310336,2021-03-26 09:22:34,2021-03-26T08:22:34.507000Z,SEK,XSTO,XSTO,MonetaryAmount,N,12-------PH---,000113305,671.4,3,,,
530,6239,2021-03-26 09:22:34,2021-03-26T08:22:34.510000Z,SE0000310336,2021-03-26 09:22:34,2021-03-26T08:22:34.510000Z,SEK,XSTO,XSTO,MonetaryAmount,N,12-------PH---,000113306,671.2,90,,,
531,6238,2021-03-26 09:22:34,2021-03-26T08:22:34.510000Z,SE0000310336,2021-03-26 09:22:34,2021-03-26T08:22:34.510000Z,SEK,XSTO,XSTO,MonetaryAmount,N,12-------P----,000113307,671.2,10,,,
