,index,ExecutionTime,ExecutionTimeUTC,ISIN,PublicationTime,PublicationTimeUTC,CCY,Venueofexecution(MICCode),Venueofpublication(MICCode),Pricenotation,Transactiontobecleared,MMTFlags,TransactionIDCode,Price,Volume,Buyer,Seller,Tradetype
0,10879,2021-03-29 09:00:03,2021-03-29T08:00:03.583000Z,SE0000310336,2021-03-29 09:00:03,2021-03-29T08:00:03.583000Z,SEK,XSTO,XSTO,MonetaryAmount,N,1O-------PH---,000021326,673.8,4,,,
1,10878,2021-03-29 09:00:03,2021-03-29T08:00:03.583000Z,SE0000310336,2021-03-29 09:00:03,2021-03-29T08:00:03.583000Z,SEK,XSTO,XSTO,MonetaryAmount,N,1O-------PH---,000021327,673.8,46,,,
2,10877,2021-03-29 09:00:03,2021-03-29T08:00:03.583000Z,SE0000310336,2021-03-29 09:00:03,2021-03-29T08:00:03.583000Z,SEK,XSTO,XSTO,MonetaryAmount,N,1O-------PH---,000021328,673.8,3,,,
3,10876,2021-03-29 09:00:03,2021-03-29T08:00:03.583000Z,SE0000310336,2021-03-29 09:00:03,2021-03-29T08:00:03.583000Z,SEK,XSTO,XSTO,MonetaryAmount,N,1O-------PH---,000021329,673.8,5,,,
4,10875,2021-03-29 09:00:03,2021-03-29T08:00:03.583000Z,SE0000310336,2021-03-29 09:00:03,2021-03-29T08:00:03.583000Z,SEK,XSTO,XSTO,MonetaryAmount,N,1O-------PH---,000021330,673.8,46,,,
5,10874,2021-03-29 09:00:03,2021-03-29T08:00:03.583000Z,SE0000310336,2021-03-29 09:00:03,2021-03-29T08:00:03.583000Z,SEK,XSTO,XSTO,MonetaryAmount,N,1O-------PH---,000021331,673.8,5,,,
6,10873,2021-03-29 09:00:03,2021-03-29T08:00:03.583000Z,SE0000310336,2021-03-29 09:00:03,2021-03-29T08:00:03.583000Z,SEK,XSTO,XSTO,MonetaryAmount,N,1O-------PH---,000021332,673.8,1,,,
7,10872,2021-03-29 09:00:03,2021-03-29T08:00:03.583000Z,SE0000310336,2021-03-29 09:00:03,2021-03-29T08:00:03.583000Z,SEK,XSTO,XSTO,MonetaryAmount,N,1O-------PH---,000021333,673.8,8,,,
8,10871,2021-03-29 09:00:03,2021-03-29T08:00:03.583000Z,SE0000310336,2021-03-29 09:00:03,2021-03-29T08:00:03.583000Z,SEK,XSTO,XSTO,MonetaryAmount,N,1O-------PH---,000021334,673.8,8,,,
9,10870,2021-03-29 09:00:03,2021-03-29T08:00:03.583000Z,SE0000310336,2021-03-29 09:00:03,2021-03-29T08:00:03.583000Z,SEK,XSTO,XSTO,MonetaryAmount,N,1O-------PH---,000021335,673.8,1,,,
10,10869,2021-03-29 09:00:03,2021-03-29T08:00:03.583000Z,SE0000310336,2021-03-29 09:00:03,2021-03-29T08:00:03.583000Z,SEK,XSTO,XSTO,MonetaryAmount,N,1O-------PH---,000021336,673.8,3,,,
11,10868,2021-03-29 09:00:03,2021-03-29T08:00:03.583000Z,SE0000310336,2021-03-29 09:00:03,2021-03-29T08:00:03.583000Z,SEK,XSTO,XSTO,MonetaryAmount,N,1O-------PH---,000021337,673.8,18,,,
12,10867,2021-03-29 09:00:03,2021-03-29T08:00:03.583000Z,SE0000310336,2021-03-29 09:00:03,2021-03-29T08:00:03.583000Z,SEK,XSTO,XSTO,MonetaryAmount,N,1O-------PH---,000021338,673.8,21,,,
13,10866,2021-03-29 09:00:03,2021-03-29T08:00:03.583000Z,SE0000310336,2021-03-29 09:00:03,2021-03-29T08:00:03.583000Z,SEK,XSTO,XSTO,MonetaryAmount,N,1O-------PH---,000021339,673.8,31,,,
14,10865,2021-03-29 09:00:03,2021-03-29T08:00:03.583000Z,SE0000310336,2021-03-29 09:00:03,2021-03-29T08:00:03.583000Z,SEK,XSTO,XSTO,MonetaryAmount,N,1O-------PH---,000021340,673.8,1,,,
15,10864,2021-03-29 09:00:03,2021-03-29T08:00:03.583000Z,SE0000310336,2021-03-29 09:00:03,2021-03-29T08:00:03.583000Z,SEK,XSTO,XSTO,MonetaryAmount,N,1O-------PH---,000021341,673.8,768,,,
16,10863,2021-03-29 09:00:03,2021-03-29T08:00:03.583000Z,SE0000310336,2021-03-29 09:00:03,2021-03-29T08:00:03.583000Z,SEK,XSTO,XSTO,MonetaryAmount,N,1O-------PH---,000021342,673.8,230,,,
17,10862,2021-03-29 09:00:03,2021-03-29T08:00:03.583000Z,SE0000310336,2021-03-29 09:00:03,2021-03-29T08:00:03.583000Z,SEK,XSTO,XSTO,MonetaryAmount,N,1O-------PH---,000021343,673.8,90,,,
18,10861,2021-03-29 09:00:03,2021-03-29T08:00:03.583000Z,SE0000310336,2021-03-29 09:00:03,2021-03-29T08:00:03.583000Z,SEK,XSTO,XSTO,MonetaryAmount,N,1O-------PH---,000021344,673.8,479,,,
19,10860,2021-03-29 09:00:03,2021-03-29T08:00:03.583000Z,SE0000310336,2021-03-29 09:00:03,2021-03-29T08:00:03.583000Z,SEK,XSTO,XSTO,MonetaryAmount,N,1O-------PH---,000021345,673.8,715,,,
20,10859,2021-03-29 09:00:03,2021-03-29T08:00:03.583000Z,SE0000310336,2021-03-29 09:00:03,2021-03-29T08:00:03.583000Z,SEK,XSTO,XSTO,MonetaryAmount,N,1O-------PH---,000021346,673.8,655,,,
21,10858,2021-03-29 09:00:03,2021-03-29T08:00:03.583000Z,SE0000310336,2021-03-29 09:00:03,2021-03-29T08:00:03.583000Z,SEK,XSTO,XSTO,MonetaryAmount,N,1O-------PH---,000021347,673.8,10,,,
22,10857,2021-03-29 09:00:03,2021-03-29T08:00:03.583000Z,SE0000310336,2021-03-29 09:00:03,2021-03-29T08:00:03.583000Z,SEK,XSTO,XSTO,MonetaryAmount,N,1O-------PH---,000021348,673.8,131,,,
23,10856,2021-03-29 09:00:03,2021-03-29T08:00:03.583000Z,SE0000310336,2021-03-29 09:00:03,2021-03-29T08:00:03.583000Z,SEK,XSTO,XSTO,MonetaryAmount,N,1O-------PH---,000021349,673.8,131,,,
24,10855,2021-03-29 09:00:03,2021-03-29T08:00:03.583000Z,SE0000310336,2021-03-29 09:00:03,2021-03-29T08:00:03.583000Z,SEK,XSTO,XSTO,MonetaryAmount,N,1O-------PH---,000021350,673.8,15,,,
25,10854,2021-03-29 09:00:03,2021-03-29T08:00:03.583000Z,SE0000310336,2021-03-29 09:00:03,2021-03-29T08:00:03.583000Z,SEK,XSTO,XSTO,MonetaryAmount,N,1O-------PH---,000021351,673.8,131,,,
26,10853,2021-03-29 09:00:03,2021-03-29T08:00:03.583000Z,SE0000310336,2021-03-29 09:00:03,2021-03-29T08:00:03.583000Z,SEK,XSTO,XSTO,MonetaryAmount,N,1O-------PH---,000021352,673.8,131,,,
27,10852,2021-03-29 09:00:03,2021-03-29T08:00:03.583000Z,SE0000310336,2021-03-29 09:00:03,2021-03-29T08:00:03.583000Z,SEK,XSTO,XSTO,MonetaryAmount,N,1O-------PH---,000021353,673.8,148,,,
28,10851,2021-03-29 09:00:03,2021-03-29T08:00:03.583000Z,SE0000310336,2021-03-29 09:00:03,2021-03-29T08:00:03.583000Z,SEK,XSTO,XSTO,MonetaryAmount,N,1O-------PH---,000021354,673.8,85,,,
29,10850,2021-03-29 09:00:03,2021-03-29T08:00:03.583000Z,SE0000310336,2021-03-29 09:00:03,2021-03-29T08:00:03.583000Z,SEK,XSTO,XSTO,MonetaryAmount,N,1O-------PH---,000021355,673.8,410,,,
30,10849,2021-03-29 09:00:03,2021-03-29T08:00:03.583000Z,SE0000310336,2021-03-29 09:00:03,2021-03-29T08:00:03.583000Z,SEK,XSTO,XSTO,MonetaryAmount,N,1O-------PH---,000021356,673.8,106,,,
31,10848,2021-03-29 09:00:03,2021-03-29T08:00:03.583000Z,SE0000310336,2021-03-29 09:00:03,2021-03-29T08:00:03.583000Z,SEK,XSTO,XSTO,MonetaryAmount,N,1O-------PH---,000021357,673.8,69,,,
32,10847,2021-03-29 09:00:03,2021-03-29T08:00:03.583000Z,SE0000310336,2021-03-29 09:00:03,2021-03-29T08:00:03.583000Z,SEK,XSTO,XSTO,MonetaryAmount,N,1O-------PH---,000021358,673.8,3,,,
33,10846,2021-03-29 09:00:03,2021-03-29T08:00:03.583000Z,SE0000310336,2021-03-29 09:00:03,2021-03-29T08:00:03.583000Z,SEK,XSTO,XSTO,MonetaryAmount,N,1O-------PH---,000021359,673.8,4,,,
34,10845,2021-03-29 09:00:03,2021-03-29T08:00:03.583000Z,SE0000310336,2021-03-29 09:00:03,2021-03-29T08:00:03.583000Z,SEK,XSTO,XSTO,MonetaryAmount,N,1O-------PH---,000021360,673.8,88,,,
35,10844,2021-03-29 09:00:03,2021-03-29T08:00:03.583000Z,SE0000310336,2021-03-29 09:00:03,2021-03-29T08:00:03.583000Z,SEK,XSTO,XSTO,MonetaryAmount,N,1O-------PH---,000021361,673.8,125,,,
36,10843,2021-03-29 09:00:03,2021-03-29T08:00:03.583000Z,SE0000310336,2021-03-29 09:00:03,2021-03-29T08:00:03.583000Z,SEK,XSTO,XSTO,MonetaryAmount,N,1O-------PH---,000021362,673.8,10,,,
37,10842,2021-03-29 09:00:03,2021-03-29T08:00:03.583000Z,SE0000310336,2021-03-29 09:00:03,2021-03-29T08:00:03.583000Z,SEK,XSTO,XSTO,MonetaryAmount,N,1O-------PH---,000021363,673.8,140,,,
38,10841,2021-03-29 09:00:03,2021-03-29T08:00:03.583000Z,SE0000310336,2021-03-29 09:00:03,2021-03-29T08:00:03.583000Z,SEK,XSTO,XSTO,MonetaryAmount,N,1O-------PH---,000021364,673.8,26,,,
39,10840,2021-03-29 09:00:03,2021-03-29T08:00:03.583000Z,SE0000310336,2021-03-29 09:00:03,2021-03-29T08:00:03.583000Z,SEK,XSTO,XSTO,MonetaryAmount,N,1O-------PH---,000021365,673.8,34,,,
40,10839,2021-03-29 09:00:03,2021-03-29T08:00:03.583000Z,SE0000310336,2021-03-29 09:00:03,2021-03-29T08:00:03.583000Z,SEK,XSTO,XSTO,MonetaryAmount,N,1O-------PH---,000021366,673.8,5,,,
41,10838,2021-03-29 09:00:03,2021-03-29T08:00:03.583000Z,SE0000310336,2021-03-29 09:00:03,2021-03-29T08:00:03.583000Z,SEK,XSTO,XSTO,MonetaryAmount,N,1O-------PH---,000021367,673.8,82,,,
42,10837,2021-03-29 09:00:03,2021-03-29T08:00:03.583000Z,SE0000310336,2021-03-29 09:00:03,2021-03-29T08:00:03.583000Z,SEK,XSTO,XSTO,MonetaryAmount,N,1O-------PH---,000021368,673.8,75,,,
43,10836,2021-03-29 09:00:03,2021-03-29T08:00:03.583000Z,SE0000310336,2021-03-29 09:00:03,2021-03-29T08:00:03.583000Z,SEK,XSTO,XSTO,MonetaryAmount,N,1O-------PH---,000021369,673.8,110,,,
44,10835,2021-03-29 09:00:03,2021-03-29T08:00:03.583000Z,SE0000310336,2021-03-29 09:00:03,2021-03-29T08:00:03.587000Z,SEK,XSTO,XSTO,MonetaryAmount,N,1O-------PH---,000021370,673.8,10,,,
45,10834,2021-03-29 09:00:03,2021-03-29T08:00:03.583000Z,SE0000310336,2021-03-29 09:00:03,2021-03-29T08:00:03.587000Z,SEK,XSTO,XSTO,MonetaryAmount,N,1O-------PH---,000021371,673.8,1,,,
46,10833,2021-03-29 09:00:03,2021-03-29T08:00:03.583000Z,SE0000310336,2021-03-29 09:00:03,2021-03-29T08:00:03.587000Z,SEK,XSTO,XSTO,MonetaryAmount,N,1O-------PH---,000021372,673.8,172,,,
47,10832,2021-03-29 09:00:03,2021-03-29T08:00:03.583000Z,SE0000310336,2021-03-29 09:00:03,2021-03-29T08:00:03.587000Z,SEK,XSTO,XSTO,MonetaryAmount,N,1O-------PH---,000021373,673.8,200,,,
48,10831,2021-03-29 09:00:03,2021-03-29T08:00:03.583000Z,SE0000310336,2021-03-29 09:00:03,2021-03-29T08:00:03.587000Z,SEK,XSTO,XSTO,MonetaryAmount,N,1O-------PH---,000021374,673.8,1,,,
49,10830,2021-03-29 09:00:03,2021-03-29T08:00:03.583000Z,SE0000310336,2021-03-29 09:00:03,2021-03-29T08:00:03.587000Z,SEK,XSTO,XSTO,MonetaryAmount,N,1O-------PH---,000021375,673.8,12,,,
50,10829,2021-03-29 09:00:03,2021-03-29T08:00:03.583000Z,SE0000310336,2021-03-29 09:00:03,2021-03-29T08:00:03.587000Z,SEK,XSTO,XSTO,MonetaryAmount,N,1O-------PH---,000021376,673.8,15,,,
51,10828,2021-03-29 09:00:03,2021-03-29T08:00:03.583000Z,SE0000310336,2021-03-29 09:00:03,2021-03-29T08:00:03.587000Z,SEK,XSTO,XSTO,MonetaryAmount,N,1O-------PH---,000021377,673.8,1,,,
52,10827,2021-03-29 09:00:03,2021-03-29T08:00:03.583000Z,SE0000310336,2021-03-29 09:00:03,2021-03-29T08:00:03.587000Z,SEK,XSTO,XSTO,MonetaryAmount,N,1O-------PH---,000021378,673.8,44,,,
53,10826,2021-03-29 09:00:03,2021-03-29T08:00:03.583000Z,SE0000310336,2021-03-29 09:00:03,2021-03-29T08:00:03.587000Z,SEK,XSTO,XSTO,MonetaryAmount,N,1O-------PH---,000021379,673.8,1,,,
54,10825,2021-03-29 09:00:03,2021-03-29T08:00:03.583000Z,SE0000310336,2021-03-29 09:00:03,2021-03-29T08:00:03.587000Z,SEK,XSTO,XSTO,MonetaryAmount,N,1O-------PH---,000021380,673.8,7,,,
55,10824,2021-03-29 09:00:03,2021-03-29T08:00:03.583000Z,SE0000310336,2021-03-29 09:00:03,2021-03-29T08:00:03.587000Z,SEK,XSTO,XSTO,MonetaryAmount,N,1O-------PH---,000021381,673.8,6,,,
56,10823,2021-03-29 09:00:03,2021-03-29T08:00:03.583000Z,SE0000310336,2021-03-29 09:00:03,2021-03-29T08:00:03.587000Z,SEK,XSTO,XSTO,MonetaryAmount,N,1O-------PH---,000021382,673.8,2,,,
57,10822,2021-03-29 09:00:03,2021-03-29T08:00:03.583000Z,SE0000310336,2021-03-29 09:00:03,2021-03-29T08:00:03.587000Z,SEK,XSTO,XSTO,MonetaryAmount,N,1O-------PH---,000021383,673.8,2,,,
58,10821,2021-03-29 09:00:03,2021-03-29T08:00:03.583000Z,SE0000310336,2021-03-29 09:00:03,2021-03-29T08:00:03.587000Z,SEK,XSTO,XSTO,MonetaryAmount,N,1O-------PH---,000021384,673.8,40,,,
59,10820,2021-03-29 09:00:03,2021-03-29T08:00:03.583000Z,SE0000310336,2021-03-29 09:00:03,2021-03-29T08:00:03.587000Z,SEK,XSTO,XSTO,MonetaryAmount,N,1O-------PH---,000021385,673.8,2,,,
60,10819,2021-03-29 09:00:03,2021-03-29T08:00:03.583000Z,SE0000310336,2021-03-29 09:00:03,2021-03-29T08:00:03.587000Z,SEK,XSTO,XSTO,MonetaryAmount,N,1O-------PH---,000021386,673.8,24,,,
61,10818,2021-03-29 09:00:03,2021-03-29T08:00:03.583000Z,SE0000310336,2021-03-29 09:00:03,2021-03-29T08:00:03.587000Z,SEK,XSTO,XSTO,MonetaryAmount,N,1O-------PH---,000021387,673.8,84,,,
62,10817,2021-03-29 09:00:03,2021-03-29T08:00:03.583000Z,SE0000310336,2021-03-29 09:00:03,2021-03-29T08:00:03.587000Z,SEK,XSTO,XSTO,MonetaryAmount,N,1O-------PH---,000021388,673.8,1,,,
63,10816,2021-03-29 09:00:03,2021-03-29T08:00:03.583000Z,SE0000310336,2021-03-29 09:00:03,2021-03-29T08:00:03.587000Z,SEK,XSTO,XSTO,MonetaryAmount,N,1O-------PH---,000021389,673.8,1,,,
64,10815,2021-03-29 09:00:03,2021-03-29T08:00:03.583000Z,SE0000310336,2021-03-29 09:00:03,2021-03-29T08:00:03.587000Z,SEK,XSTO,XSTO,MonetaryAmount,N,1O-------PH---,000021390,673.8,4,,,
65,10814,2021-03-29 09:00:03,2021-03-29T08:00:03.583000Z,SE0000310336,2021-03-29 09:00:03,2021-03-29T08:00:03.587000Z,SEK,XSTO,XSTO,MonetaryAmount,N,1O-------PH---,000021391,673.8,2,,,
66,10813,2021-03-29 09:00:03,2021-03-29T08:00:03.583000Z,SE0000310336,2021-03-29 09:00:03,2021-03-29T08:00:03.587000Z,SEK,XSTO,XSTO,MonetaryAmount,N,1O-------PH---,000021392,673.8,10,,,
67,10812,2021-03-29 09:00:03,2021-03-29T08:00:03.583000Z,SE0000310336,2021-03-29 09:00:03,2021-03-29T08:00:03.587000Z,SEK,XSTO,XSTO,MonetaryAmount,N,1O-------PH---,000021393,673.8,15,,,
68,10811,2021-03-29 09:00:03,2021-03-29T08:00:03.583000Z,SE0000310336,2021-03-29 09:00:03,2021-03-29T08:00:03.587000Z,SEK,XSTO,XSTO,MonetaryAmount,N,1O-------PH---,000021394,673.8,5,,,
69,10810,2021-03-29 09:00:03,2021-03-29T08:00:03.583000Z,SE0000310336,2021-03-29 09:00:03,2021-03-29T08:00:03.587000Z,SEK,XSTO,XSTO,MonetaryAmount,N,1O-------PH---,000021395,673.8,3,,,
70,10809,2021-03-29 09:00:03,2021-03-29T08:00:03.583000Z,SE0000310336,2021-03-29 09:00:03,2021-03-29T08:00:03.587000Z,SEK,XSTO,XSTO,MonetaryAmount,N,1O-------PH---,000021396,673.8,4,,,
71,10808,2021-03-29 09:00:03,2021-03-29T08:00:03.583000Z,SE0000310336,2021-03-29 09:00:03,2021-03-29T08:00:03.587000Z,SEK,XSTO,XSTO,MonetaryAmount,N,1O-------PH---,000021397,673.8,3,,,
72,10807,2021-03-29 09:00:03,2021-03-29T08:00:03.583000Z,SE0000310336,2021-03-29 09:00:03,2021-03-29T08:00:03.587000Z,SEK,XSTO,XSTO,MonetaryAmount,N,1O-------PH---,000021398,673.8,5,,,
73,10806,2021-03-29 09:00:03,2021-03-29T08:00:03.583000Z,SE0000310336,2021-03-29 09:00:03,2021-03-29T08:00:03.587000Z,SEK,XSTO,XSTO,MonetaryAmount,N,1O-------PH---,000021399,673.8,44,,,
74,10805,2021-03-29 09:00:03,2021-03-29T08:00:03.583000Z,SE0000310336,2021-03-29 09:00:03,2021-03-29T08:00:03.587000Z,SEK,XSTO,XSTO,MonetaryAmount,N,1O-------PH---,000021400,673.8,80,,,
75,10804,2021-03-29 09:00:03,2021-03-29T08:00:03.583000Z,SE0000310336,2021-03-29 09:00:03,2021-03-29T08:00:03.587000Z,SEK,XSTO,XSTO,MonetaryAmount,N,1O-------PH---,000021401,673.8,27,,,
76,10803,2021-03-29 09:00:03,2021-03-29T08:00:03.583000Z,SE0000310336,2021-03-29 09:00:03,2021-03-29T08:00:03.587000Z,SEK,XSTO,XSTO,MonetaryAmount,N,1O-------PH---,000021402,673.8,12,,,
77,10802,2021-03-29 09:00:03,2021-03-29T08:00:03.583000Z,SE0000310336,2021-03-29 09:00:03,2021-03-29T08:00:03.587000Z,SEK,XSTO,XSTO,MonetaryAmount,N,1O-------PH---,000021403,673.8,24,,,
78,10801,2021-03-29 09:00:03,2021-03-29T08:00:03.583000Z,SE0000310336,2021-03-29 09:00:03,2021-03-29T08:00:03.587000Z,SEK,XSTO,XSTO,MonetaryAmount,N,1O-------PH---,000021404,673.8,1,,,
79,10800,2021-03-29 09:00:03,2021-03-29T08:00:03.583000Z,SE0000310336,2021-03-29 09:00:03,2021-03-29T08:00:03.587000Z,SEK,XSTO,XSTO,MonetaryAmount,N,1O-------PH---,000021405,673.8,53,,,
80,10799,2021-03-29 09:00:03,2021-03-29T08:00:03.583000Z,SE0000310336,2021-03-29 09:00:03,2021-03-29T08:00:03.587000Z,SEK,XSTO,XSTO,MonetaryAmount,N,1O-------PH---,000021406,673.8,53,,,
81,10798,2021-03-29 09:00:03,2021-03-29T08:00:03.583000Z,SE0000310336,2021-03-29 09:00:03,2021-03-29T08:00:03.587000Z,SEK,XSTO,XSTO,MonetaryAmount,N,1O-------PH---,000021407,673.8,243,,,
82,10797,2021-03-29 09:00:03,2021-03-29T08:00:03.583000Z,SE0000310336,2021-03-29 09:00:03,2021-03-29T08:00:03.587000Z,SEK,XSTO,XSTO,MonetaryAmount,N,1O-------PH---,000021408,673.8,2,,,
83,10796,2021-03-29 09:00:03,2021-03-29T08:00:03.583000Z,SE0000310336,2021-03-29 09:00:03,2021-03-29T08:00:03.587000Z,SEK,XSTO,XSTO,MonetaryAmount,N,1O-------PH---,000021409,673.8,2,,,
84,10795,2021-03-29 09:00:03,2021-03-29T08:00:03.583000Z,SE0000310336,2021-03-29 09:00:03,2021-03-29T08:00:03.587000Z,SEK,XSTO,XSTO,MonetaryAmount,N,1O-------PH---,000021410,673.8,53,,,
85,10794,2021-03-29 09:00:03,2021-03-29T08:00:03.583000Z,SE0000310336,2021-03-29 09:00:03,2021-03-29T08:00:03.587000Z,SEK,XSTO,XSTO,MonetaryAmount,N,1O-------PH---,000021411,673.8,1,,,
86,10793,2021-03-29 09:00:03,2021-03-29T08:00:03.583000Z,SE0000310336,2021-03-29 09:00:03,2021-03-29T08:00:03.587000Z,SEK,XSTO,XSTO,MonetaryAmount,N,1O-------PH---,000021412,673.8,38,,,
87,10792,2021-03-29 09:00:03,2021-03-29T08:00:03.583000Z,SE0000310336,2021-03-29 09:00:03,2021-03-29T08:00:03.587000Z,SEK,XSTO,XSTO,MonetaryAmount,N,1O-------PH---,000021413,673.8,103,,,
88,10791,2021-03-29 09:00:03,2021-03-29T08:00:03.583000Z,SE0000310336,2021-03-29 09:00:03,2021-03-29T08:00:03.587000Z,SEK,XSTO,XSTO,MonetaryAmount,N,1O-------PH---,000021414,673.8,53,,,
89,10790,2021-03-29 09:00:03,2021-03-29T08:00:03.583000Z,SE0000310336,2021-03-29 09:00:03,2021-03-29T08:00:03.587000Z,SEK,XSTO,XSTO,MonetaryAmount,N,1O-------PH---,000021415,673.8,15,,,
90,10789,2021-03-29 09:00:03,2021-03-29T08:00:03.583000Z,SE0000310336,2021-03-29 09:00:03,2021-03-29T08:00:03.587000Z,SEK,XSTO,XSTO,MonetaryAmount,N,1O-------PH---,000021416,673.8,171,,,
91,10788,2021-03-29 09:00:03,2021-03-29T08:00:03.583000Z,SE0000310336,2021-03-29 09:00:03,2021-03-29T08:00:03.587000Z,SEK,XSTO,XSTO,MonetaryAmount,N,1O-------PH---,000021417,673.8,29,,,
92,10787,2021-03-29 09:00:03,2021-03-29T08:00:03.583000Z,SE0000310336,2021-03-29 09:00:03,2021-03-29T08:00:03.587000Z,SEK,XSTO,XSTO,MonetaryAmount,N,1O-------PH---,000021418,673.8,103,,,
93,10786,2021-03-29 09:00:03,2021-03-29T08:00:03.583000Z,SE0000310336,2021-03-29 09:00:03,2021-03-29T08:00:03.587000Z,SEK,XSTO,XSTO,MonetaryAmount,N,1O-------PH---,000021419,673.8,103,,,
94,10785,2021-03-29 09:00:03,2021-03-29T08:00:03.583000Z,SE0000310336,2021-03-29 09:00:03,2021-03-29T08:00:03.587000Z,SEK,XSTO,XSTO,MonetaryAmount,N,1O-------PH---,000021420,673.8,53,,,
95,10784,2021-03-29 09:00:03,2021-03-29T08:00:03.583000Z,SE0000310336,2021-03-29 09:00:03,2021-03-29T08:00:03.587000Z,SEK,XSTO,XSTO,MonetaryAmount,N,1O-------PH---,000021421,673.8,17,,,
96,10783,2021-03-29 09:00:03,2021-03-29T08:00:03.583000Z,SE0000310336,2021-03-29 09:00:03,2021-03-29T08:00:03.587000Z,SEK,XSTO,XSTO,MonetaryAmount,N,1O-------PH---,000021422,673.8,86,,,
97,10782,2021-03-29 09:00:03,2021-03-29T08:00:03.583000Z,SE0000310336,2021-03-29 09:00:03,2021-03-29T08:00:03.587000Z,SEK,XSTO,XSTO,MonetaryAmount,N,1O-------PH---,000021423,673.8,1,,,
98,10781,2021-03-29 09:00:03,2021-03-29T08:00:03.583000Z,SE0000310336,2021-03-29 09:00:03,2021-03-29T08:00:03.587000Z,SEK,XSTO,XSTO,MonetaryAmount,N,1O-------PH---,000021424,673.8,103,,,
99,10780,2021-03-29 09:00:03,2021-03-29T08:00:03.583000Z,SE0000310336,2021-03-29 09:00:03,2021-03-29T08:00:03.587000Z,SEK,XSTO,XSTO,MonetaryAmount,N,1O-------PH---,000021425,673.8,53,,,
100,10779,2021-03-29 09:00:03,2021-03-29T08:00:03.583000Z,SE0000310336,2021-03-29 09:00:03,2021-03-29T08:00:03.587000Z,SEK,XSTO,XSTO,MonetaryAmount,N,1O-------PH---,000021426,673.8,103,,,
101,10778,2021-03-29 09:00:03,2021-03-29T08:00:03.583000Z,SE0000310336,2021-03-29 09:00:03,2021-03-29T08:00:03.587000Z,SEK,XSTO,XSTO,MonetaryAmount,N,1O-------PH---,000021427,673.8,14,,,
102,10777,2021-03-29 09:00:03,2021-03-29T08:00:03.583000Z,SE0000310336,2021-03-29 09:00:03,2021-03-29T08:00:03.587000Z,SEK,XSTO,XSTO,MonetaryAmount,N,1O-------PH---,000021428,673.8,103,,,
103,10776,2021-03-29 09:00:03,2021-03-29T08:00:03.583000Z,SE0000310336,2021-03-29 09:00:03,2021-03-29T08:00:03.587000Z,SEK,XSTO,XSTO,MonetaryAmount,N,1O-------PH---,000021429,673.8,53,,,
104,10775,2021-03-29 09:00:03,2021-03-29T08:00:03.583000Z,SE0000310336,2021-03-29 09:00:03,2021-03-29T08:00:03.587000Z,SEK,XSTO,XSTO,MonetaryAmount,N,1O-------PH---,000021430,673.8,103,,,
105,10774,2021-03-29 09:00:03,2021-03-29T08:00:03.583000Z,SE0000310336,2021-03-29 09:00:03,2021-03-29T08:00:03.587000Z,SEK,XSTO,XSTO,MonetaryAmount,N,1O-------PH---,000021431,673.8,103,,,
106,10773,2021-03-29 09:00:03,2021-03-29T08:00:03.583000Z,SE0000310336,2021-03-29 09:00:03,2021-03-29T08:00:03.587000Z,SEK,XSTO,XSTO,MonetaryAmount,N,1O-------PH---,000021432,673.8,53,,,
107,10772,2021-03-29 09:00:03,2021-03-29T08:00:03.583000Z,SE0000310336,2021-03-29 09:00:03,2021-03-29T08:00:03.587000Z,SEK,XSTO,XSTO,MonetaryAmount,N,1O-------PH---,000021433,673.8,1,,,
108,10771,2021-03-29 09:00:03,2021-03-29T08:00:03.583000Z,SE0000310336,2021-03-29 09:00:03,2021-03-29T08:00:03.587000Z,SEK,XSTO,XSTO,MonetaryAmount,N,1O-------PH---,000021434,673.8,451,,,
109,10770,2021-03-29 09:00:03,2021-03-29T08:00:03.583000Z,SE0000310336,2021-03-29 09:00:03,2021-03-29T08:00:03.587000Z,SEK,XSTO,XSTO,MonetaryAmount,N,1O-------PH---,000021435,673.8,76,,,
110,10769,2021-03-29 09:00:03,2021-03-29T08:00:03.583000Z,SE0000310336,2021-03-29 09:00:03,2021-03-29T08:00:03.587000Z,SEK,XSTO,XSTO,MonetaryAmount,N,1O-------PH---,000021436,673.8,26,,,
111,10768,2021-03-29 09:00:03,2021-03-29T08:00:03.583000Z,SE0000310336,2021-03-29 09:00:03,2021-03-29T08:00:03.587000Z,SEK,XSTO,XSTO,MonetaryAmount,N,1O-------PH---,000021437,673.8,13,,,
112,10767,2021-03-29 09:00:03,2021-03-29T08:00:03.583000Z,SE0000310336,2021-03-29 09:00:03,2021-03-29T08:00:03.587000Z,SEK,XSTO,XSTO,MonetaryAmount,N,1O-------PH---,000021438,673.8,135,,,
113,10766,2021-03-29 09:00:03,2021-03-29T08:00:03.583000Z,SE0000310336,2021-03-29 09:00:03,2021-03-29T08:00:03.587000Z,SEK,XSTO,XSTO,MonetaryAmount,N,1O-------PH---,000021439,673.8,134,,,
114,10765,2021-03-29 09:00:03,2021-03-29T08:00:03.583000Z,SE0000310336,2021-03-29 09:00:03,2021-03-29T08:00:03.587000Z,SEK,XSTO,XSTO,MonetaryAmount,N,1O-------PH---,000021440,673.8,176,,,
115,10764,2021-03-29 09:00:03,2021-03-29T08:00:03.583000Z,SE0000310336,2021-03-29 09:00:03,2021-03-29T08:00:03.587000Z,SEK,XSTO,XSTO,MonetaryAmount,N,1O-------PH---,000021441,673.8,74,,,
116,10763,2021-03-29 09:00:03,2021-03-29T08:00:03.583000Z,SE0000310336,2021-03-29 09:00:03,2021-03-29T08:00:03.587000Z,SEK,XSTO,XSTO,MonetaryAmount,N,1O-------PH---,000021442,673.8,11,,,
117,10762,2021-03-29 09:00:03,2021-03-29T08:00:03.583000Z,SE0000310336,2021-03-29 09:00:03,2021-03-29T08:00:03.587000Z,SEK,XSTO,XSTO,MonetaryAmount,N,1O-------P----,000021443,673.8,18,,,
118,10761,2021-03-29 09:00:03,2021-03-29T08:00:03.583000Z,SE0000310336,2021-03-29 09:00:03,2021-03-29T08:00:03.587000Z,SEK,XSTO,XSTO,MonetaryAmount,N,1O-------PH---,000021444,673.8,53,,,
119,10760,2021-03-29 09:00:03,2021-03-29T08:00:03.583000Z,SE0000310336,2021-03-29 09:00:03,2021-03-29T08:00:03.587000Z,SEK,XSTO,XSTO,MonetaryAmount,N,1O-------PH---,000021445,673.8,605,,,
120,10759,2021-03-29 09:00:03,2021-03-29T08:00:03.583000Z,SE0000310336,2021-03-29 09:00:03,2021-03-29T08:00:03.587000Z,SEK,XSTO,XSTO,MonetaryAmount,N,1O-------PH---,000021446,673.8,3,,,
121,10758,2021-03-29 09:00:07,2021-03-29T08:00:07.683000Z,SE0000310336,2021-03-29 09:00:07,2021-03-29T08:00:07.683000Z,SEK,XSTO,XSTO,MonetaryAmount,N,12-------PH---,000030891,673.8,3,,,
122,10757,2021-03-29 09:00:17,2021-03-29T08:00:17.400000Z,SE0000310336,2021-03-29 09:00:17,2021-03-29T08:00:17.400000Z,SEK,XSTO,XSTO,MonetaryAmount,N,12-------PH---,000034672,672.6,2,,,
123,10756,2021-03-29 09:00:19,2021-03-29T08:00:19.407000Z,SE0000310336,2021-03-29 09:00:19,2021-03-29T08:00:19.407000Z,SEK,XSTO,XSTO,MonetaryAmount,N,12-------PH---,000035563,673.2,2,,,
124,10755,2021-03-29 09:00:26,2021-03-29T08:00:26.230000Z,SE0000310336,2021-03-29 09:00:26,2021-03-29T08:00:26.230000Z,SEK,XSTO,XSTO,MonetaryAmount,N,12-------PH---,000036175,673.2,29,,,
125,10754,2021-03-29 09:00:32,2021-03-29T08:00:32.143000Z,SE0000310336,2021-03-29 09:00:32,2021-03-29T08:00:32.143000Z,SEK,XSTO,XSTO,MonetaryAmount,N,12-------PH---,000037008,673.4,11,,,
126,10753,2021-03-29 09:00:32,2021-03-29T08:00:32.143000Z,SE0000310336,2021-03-29 09:00:32,2021-03-29T08:00:32.143000Z,SEK,XSTO,XSTO,MonetaryAmount,N,12-------PH---,000037009,673.4,57,,,
127,10752,2021-03-29 09:00:32,2021-03-29T08:00:32.143000Z,SE0000310336,2021-03-29 09:00:32,2021-03-29T08:00:32.143000Z,SEK,XSTO,XSTO,MonetaryAmount,N,12-------PH---,000037010,673.4,100,,,
128,10751,2021-03-29 09:00:32,2021-03-29T08:00:32.143000Z,SE0000310336,2021-03-29 09:00:32,2021-03-29T08:00:32.143000Z,SEK,XSTO,XSTO,MonetaryAmount,N,12-------PH---,000037011,673.4,11,,,
129,10750,2021-03-29 09:00:32,2021-03-29T08:00:32.143000Z,SE0000310336,2021-03-29 09:00:32,2021-03-29T08:00:32.143000Z,SEK,XSTO,XSTO,MonetaryAmount,N,12-------PH---,000037012,673.4,157,,,
130,10749,2021-03-29 09:00:32,2021-03-29T08:00:32.143000Z,SE0000310336,2021-03-29 09:00:32,2021-03-29T08:00:32.143000Z,SEK,XSTO,XSTO,MonetaryAmount,N,12-------PH---,000037013,673.4,157,,,
131,10748,2021-03-29 09:00:32,2021-03-29T08:00:32.143000Z,SE0000310336,2021-03-29 09:00:32,2021-03-29T08:00:32.143000Z,SEK,XSTO,XSTO,MonetaryAmount,N,12-------PH---,000037014,673.4,35,,,
132,10747,2021-03-29 09:00:32,2021-03-29T08:00:32.143000Z,SE0000310336,2021-03-29 09:00:32,2021-03-29T08:00:32.143000Z,SEK,XSTO,XSTO,MonetaryAmount,N,12-------PH---,000037015,673.4,12,,,
133,10746,2021-03-29 09:00:32,2021-03-29T08:00:32.143000Z,SE0000310336,2021-03-29 09:00:32,2021-03-29T08:00:32.143000Z,SEK,XSTO,XSTO,MonetaryAmount,N,12-------PH---,000037016,673.4,100,,,
134,10745,2021-03-29 09:00:32,2021-03-29T08:00:32.143000Z,SE0000310336,2021-03-29 09:00:32,2021-03-29T08:00:32.143000Z,SEK,XSTO,XSTO,MonetaryAmount,N,12-------PH---,000037017,673.6,481,,,
135,10744,2021-03-29 09:00:32,2021-03-29T08:00:32.143000Z,SE0000310336,2021-03-29 09:00:32,2021-03-29T08:00:32.143000Z,SEK,XSTO,XSTO,MonetaryAmount,N,12-------PH---,000037018,673.6,219,,,
136,10743,2021-03-29 09:00:32,2021-03-29T08:00:32.160000Z,SE0000310336,2021-03-29 09:00:32,2021-03-29T08:00:32.160000Z,SEK,XSTO,XSTO,MonetaryAmount,N,12-------PH---,000037019,673.6,90,,,
137,10742,2021-03-29 09:00:32,2021-03-29T08:00:32.160000Z,SE0000310336,2021-03-29 09:00:32,2021-03-29T08:00:32.160000Z,SEK,XSTO,XSTO,MonetaryAmount,N,12-------PH---,000037020,673.4,94,,,
138,10741,2021-03-29 09:00:40,2021-03-29T08:00:40.610000Z,SE0000310336,2021-03-29 09:00:40,2021-03-29T08:00:40.610000Z,SEK,XSTO,XSTO,MonetaryAmount,N,12-------PH---,000037701,673.8,2,,,
139,10740,2021-03-29 09:00:50,2021-03-29T08:00:50.147000Z,SE0000310336,2021-03-29 09:00:50,2021-03-29T08:00:50.147000Z,SEK,XSTO,XSTO,MonetaryAmount,N,12-------PH---,000038267,675.0,250,,,
140,10739,2021-03-29 09:00:50,2021-03-29T08:00:50.147000Z,SE0000310336,2021-03-29 09:00:50,2021-03-29T08:00:50.147000Z,SEK,XSTO,XSTO,MonetaryAmount,N,12-------PH---,000038268,675.0,750,,,
141,10738,2021-03-29 09:00:50,2021-03-29T08:00:50.147000Z,SE0000310336,2021-03-29 09:00:50,2021-03-29T08:00:50.147000Z,SEK,XSTO,XSTO,MonetaryAmount,N,12-------PH---,000038269,675.0,10,,,
142,10737,2021-03-29 09:00:50,2021-03-29T08:00:50.147000Z,SE0000310336,2021-03-29 09:00:50,2021-03-29T08:00:50.147000Z,SEK,XSTO,XSTO,MonetaryAmount,N,12-------PH---,000038270,675.0,50,,,
143,10736,2021-03-29 09:00:50,2021-03-29T08:00:50.147000Z,SE0000310336,2021-03-29 09:00:50,2021-03-29T08:00:50.147000Z,SEK,XSTO,XSTO,MonetaryAmount,N,12-------PH---,000038271,675.0,15,,,
144,10735,2021-03-29 09:00:50,2021-03-29T08:00:50.147000Z,SE0000310336,2021-03-29 09:00:50,2021-03-29T08:00:50.147000Z,SEK,XSTO,XSTO,MonetaryAmount,N,12-------PH---,000038272,674.6,90,,,
145,10734,2021-03-29 09:00:55,2021-03-29T08:00:55.450000Z,SE0000310336,2021-03-29 09:00:55,2021-03-29T08:00:55.450000Z,SEK,XSTO,XSTO,MonetaryAmount,N,12-------PH---,000038627,675.0,277,,,
146,10733,2021-03-29 09:00:55,2021-03-29T08:00:55.450000Z,SE0000310336,2021-03-29 09:00:55,2021-03-29T08:00:55.450000Z,SEK,XSTO,XSTO,MonetaryAmount,N,12-------PH---,000038628,675.0,323,,,
147,10732,2021-03-29 09:00:56,2021-03-29T08:00:56.290000Z,SE0000310336,2021-03-29 09:00:56,2021-03-29T08:00:56.290000Z,SEK,XSTO,XSTO,MonetaryAmount,N,12-------PH---,000038697,675.0,46,,,
148,10731,2021-03-29 09:01:00,2021-03-29T08:01:00.677000Z,SE0000310336,2021-03-29 09:01:00,2021-03-29T08:01:00.677000Z,SEK,XSTO,XSTO,MonetaryAmount,N,12-------PH---,000039028,675.4,1,,,
149,10730,2021-03-29 09:01:01,2021-03-29T08:01:01.743000Z,SE0000310336,2021-03-29 09:01:01,2021-03-29T08:01:01.743000Z,SEK,XSTO,XSTO,MonetaryAmount,N,12-------PH---,000039165,675.4,7,,,
150,10729,2021-03-29 09:01:01,2021-03-29T08:01:01.743000Z,SE0000310336,2021-03-29 09:01:01,2021-03-29T08:01:01.743000Z,SEK,XSTO,XSTO,MonetaryAmount,N,12-------PH---,000039166,675.4,11,,,
151,10728,2021-03-29 09:01:01,2021-03-29T08:01:01.857000Z,SE0000310336,2021-03-29 09:01:01,2021-03-29T08:01:01.857000Z,SEK,XSTO,XSTO,MonetaryAmount,N,12-------PH---,000039185,675.4,2,,,
152,10727,2021-03-29 09:01:13,2021-03-29T08:01:13.737000Z,SE0000310336,2021-03-29 09:01:13,2021-03-29T08:01:13.737000Z,SEK,XSTO,XSTO,MonetaryAmount,N,12-------P----,000040461,675.4,23,,,
153,10726,2021-03-29 09:01:13,2021-03-29T08:01:13.737000Z,SE0000310336,2021-03-29 09:01:13,2021-03-29T08:01:13.737000Z,SEK,XSTO,XSTO,MonetaryAmount,N,12-------PH---,000040462,675.4,119,,,
154,10725,2021-03-29 09:01:13,2021-03-29T08:01:13.737000Z,SE0000310336,2021-03-29 09:01:13,2021-03-29T08:01:13.737000Z,SEK,XSTO,XSTO,MonetaryAmount,N,12-------PH---,000040463,675.4,281,,,
155,10724,2021-03-29 09:01:13,2021-03-29T08:01:13.737000Z,SE0000310336,2021-03-29 09:01:13,2021-03-29T08:01:13.737000Z,SEK,XSTO,XSTO,MonetaryAmount,N,12-------PH---,000040464,675.4,263,,,
156,10723,2021-03-29 09:01:13,2021-03-29T08:01:13.737000Z,SE0000310336,2021-03-29 09:01:13,2021-03-29T08:01:13.737000Z,SEK,XSTO,XSTO,MonetaryAmount,N,12-------PH---,000040465,675.4,90,,,
157,10722,2021-03-29 09:01:14,2021-03-29T08:01:14.013000Z,SE0000310336,2021-03-29 09:01:14,2021-03-29T08:01:14.013000Z,SEK,XSTO,XSTO,MonetaryAmount,N,12-------PH---,000040546,675.4,1,,,
158,10721,2021-03-29 09:01:17,2021-03-29T08:01:17.733000Z,SE0000310336,2021-03-29 09:01:17,2021-03-29T08:01:17.733000Z,SEK,XSTO,XSTO,MonetaryAmount,N,12-------PH---,000041248,675.4,399,,,
159,10720,2021-03-29 09:01:17,2021-03-29T08:01:17.733000Z,SE0000310336,2021-03-29 09:01:17,2021-03-29T08:01:17.733000Z,SEK,XSTO,XSTO,MonetaryAmount,N,12-------PH---,000041249,675.4,381,,,
160,10719,2021-03-29 09:01:21,2021-03-29T08:01:21.873000Z,SE0000310336,2021-03-29 09:01:21,2021-03-29T08:01:21.873000Z,SEK,XSTO,XSTO,MonetaryAmount,N,12-------PH---,000041763,675.2,44,,,
161,10718,2021-03-29 09:01:21,2021-03-29T08:01:21.873000Z,SE0000310336,2021-03-29 09:01:21,2021-03-29T08:01:21.873000Z,SEK,XSTO,XSTO,MonetaryAmount,N,12-------PH---,000041764,675.2,110,,,
162,10717,2021-03-29 09:01:21,2021-03-29T08:01:21.893000Z,SE0000310336,2021-03-29 09:01:21,2021-03-29T08:01:21.893000Z,SEK,XSTO,XSTO,MonetaryAmount,N,12-------PH---,000041765,675.0,59,,,
163,10716,2021-03-29 09:01:21,2021-03-29T08:01:21.893000Z,SE0000310336,2021-03-29 09:01:21,2021-03-29T08:01:21.893000Z,SEK,XSTO,XSTO,MonetaryAmount,N,12-------PH---,000041766,675.0,230,,,
164,10715,2021-03-29 09:01:21,2021-03-29T08:01:21.893000Z,SE0000310336,2021-03-29 09:01:21,2021-03-29T08:01:21.893000Z,SEK,XSTO,XSTO,MonetaryAmount,N,12-------PH---,000041767,675.0,114,,,
165,10714,2021-03-29 09:01:21,2021-03-29T08:01:21.893000Z,SE0000310336,2021-03-29 09:01:21,2021-03-29T08:01:21.893000Z,SEK,XSTO,XSTO,MonetaryAmount,N,12-------PH---,000041768,675.0,35,,,
166,10713,2021-03-29 09:01:21,2021-03-29T08:01:21.893000Z,SE0000310336,2021-03-29 09:01:21,2021-03-29T08:01:21.893000Z,SEK,XSTO,XSTO,MonetaryAmount,N,12-------PH---,000041769,675.0,340,,,
167,10712,2021-03-29 09:01:21,2021-03-29T08:01:21.893000Z,SE0000310336,2021-03-29 09:01:21,2021-03-29T08:01:21.893000Z,SEK,XSTO,XSTO,MonetaryAmount,N,12-------PH---,000041770,675.0,110,,,
168,10711,2021-03-29 09:01:29,2021-03-29T08:01:29.723000Z,SE0000310336,2021-03-29 09:01:29,2021-03-29T08:01:29.723000Z,SEK,XSTO,XSTO,MonetaryAmount,N,12-------PH---,000043120,675.4,15,,,
169,10710,2021-03-29 09:01:29,2021-03-29T08:01:29.723000Z,SE0000310336,2021-03-29 09:01:29,2021-03-29T08:01:29.723000Z,SEK,XSTO,XSTO,MonetaryAmount,N,12-------PH---,000043121,675.4,134,,,
170,10709,2021-03-29 09:01:29,2021-03-29T08:01:29.723000Z,SE0000310336,2021-03-29 09:01:29,2021-03-29T08:01:29.723000Z,SEK,XSTO,XSTO,MonetaryAmount,N,12-------PH---,000043122,675.4,251,,,
171,10708,2021-03-29 09:01:29,2021-03-29T08:01:29.723000Z,SE0000310336,2021-03-29 09:01:29,2021-03-29T08:01:29.723000Z,SEK,XSTO,XSTO,MonetaryAmount,N,12-------PH---,000043123,675.4,116,,,
172,10707,2021-03-29 09:01:29,2021-03-29T08:01:29.723000Z,SE0000310336,2021-03-29 09:01:29,2021-03-29T08:01:29.723000Z,SEK,XSTO,XSTO,MonetaryAmount,N,12-------PH---,000043124,675.4,90,,,
173,10706,2021-03-29 09:01:29,2021-03-29T08:01:29.723000Z,SE0000310336,2021-03-29 09:01:29,2021-03-29T08:01:29.723000Z,SEK,XSTO,XSTO,MonetaryAmount,N,12-------PH---,000043125,675.2,64,,,
174,10705,2021-03-29 09:01:29,2021-03-29T08:01:29.743000Z,SE0000310336,2021-03-29 09:01:29,2021-03-29T08:01:29.743000Z,SEK,XSTO,XSTO,MonetaryAmount,N,12-------PH---,000043126,675.2,90,,,
175,10704,2021-03-29 09:01:29,2021-03-29T08:01:29.763000Z,SE0000310336,2021-03-29 09:01:29,2021-03-29T08:01:29.763000Z,SEK,XSTO,XSTO,MonetaryAmount,N,12-------PH---,000043127,675.0,90,,,
176,10703,2021-03-29 09:01:29,2021-03-29T08:01:29.763000Z,SE0000310336,2021-03-29 09:01:29,2021-03-29T08:01:29.763000Z,SEK,XSTO,XSTO,MonetaryAmount,N,12-------PH---,000043128,675.0,45,,,
177,10702,2021-03-29 09:01:38,2021-03-29T08:01:38.297000Z,SE0000310336,2021-03-29 09:01:38,2021-03-29T08:01:38.297000Z,SEK,XSTO,XSTO,MonetaryAmount,N,12-------PH---,000043782,674.8,124,,,
178,10701,2021-03-29 09:01:38,2021-03-29T08:01:38.297000Z,SE0000310336,2021-03-29 09:01:38,2021-03-29T08:01:38.297000Z,SEK,XSTO,XSTO,MonetaryAmount,N,12-------PH---,000043783,674.8,119,,,
179,10700,2021-03-29 09:01:38,2021-03-29T08:01:38.297000Z,SE0000310336,2021-03-29 09:01:38,2021-03-29T08:01:38.297000Z,SEK,XSTO,XSTO,MonetaryAmount,N,12-------PH---,000043784,674.8,126,,,
180,10699,2021-03-29 09:01:38,2021-03-29T08:01:38.297000Z,SE0000310336,2021-03-29 09:01:38,2021-03-29T08:01:38.297000Z,SEK,XSTO,XSTO,MonetaryAmount,N,12-------PH---,000043785,674.8,116,,,
181,10698,2021-03-29 09:01:38,2021-03-29T08:01:38.297000Z,SE0000310336,2021-03-29 09:01:38,2021-03-29T08:01:38.297000Z,SEK,XSTO,XSTO,MonetaryAmount,N,12-------PH---,000043786,674.8,71,,,
182,10697,2021-03-29 09:02:01,2021-03-29T08:02:01.460000Z,SE0000310336,2021-03-29 09:02:01,2021-03-29T08:02:01.460000Z,SEK,XSTO,XSTO,MonetaryAmount,N,45-3-----PH---,F050061124,674.6,5,,,Standard Routed Trade
183,10696,2021-03-29 09:02:04,2021-03-29T08:02:04.877000Z,SE0000310336,2021-03-29 09:02:04,2021-03-29T08:02:04.877000Z,SEK,XSTO,XSTO,MonetaryAmount,N,45-3-----PH---,F050061627,674.6,1,,,Standard Routed Trade
184,10695,2021-03-29 09:02:16,2021-03-29T08:02:16.993000Z,SE0000310336,2021-03-29 09:02:16,2021-03-29T08:02:16.993000Z,SEK,XSTO,XSTO,MonetaryAmount,N,12-------PH---,000047560,674.0,122,,,
185,10694,2021-03-29 09:02:17,2021-03-29T08:02:17.033000Z,SE0000310336,2021-03-29 09:02:17,2021-03-29T08:02:17.033000Z,SEK,XSTO,XSTO,MonetaryAmount,N,12-------PH---,000047569,673.4,25,,,
186,10693,2021-03-29 09:02:24,2021-03-29T08:02:24.703000Z,SE0000310336,2021-03-29 09:02:24,2021-03-29T08:02:24.703000Z,SEK,XSTO,XSTO,MonetaryAmount,N,12-------PH---,000048034,673.6,33,,,
187,10692,2021-03-29 09:02:47,2021-03-29T08:02:47.680000Z,SE0000310336,2021-03-29 09:02:47,2021-03-29T08:02:47.680000Z,SEK,XSTO,XSTO,MonetaryAmount,N,12-------PH---,000049624,673.8,3,,,
188,10691,2021-03-29 09:03:03,2021-03-29T08:03:03.360000Z,SE0000310336,2021-03-29 09:03:03,2021-03-29T08:03:03.360000Z,SEK,XSTO,XSTO,MonetaryAmount,N,12-------PH---,000051267,673.8,3,,,
189,10690,2021-03-29 09:03:03,2021-03-29T08:03:03.360000Z,SE0000310336,2021-03-29 09:03:03,2021-03-29T08:03:03.360000Z,SEK,XSTO,XSTO,MonetaryAmount,N,12-------PH---,000051268,673.8,900,,,
190,10689,2021-03-29 09:03:03,2021-03-29T08:03:03.360000Z,SE0000310336,2021-03-29 09:03:03,2021-03-29T08:03:03.360000Z,SEK,XSTO,XSTO,MonetaryAmount,N,12-------PH---,000051269,673.8,83,,,
191,10688,2021-03-29 09:03:03,2021-03-29T08:03:03.377000Z,SE0000310336,2021-03-29 09:03:03,2021-03-29T08:03:03.377000Z,SEK,XSTO,XSTO,MonetaryAmount,N,12-------PH---,000051270,674.0,90,,,
192,10687,2021-03-29 09:03:03,2021-03-29T08:03:03.383000Z,SE0000310336,2021-03-29 09:03:03,2021-03-29T08:03:03.383000Z,SEK,XSTO,XSTO,MonetaryAmount,N,12-------PH---,000051271,674.0,90,,,
193,10686,2021-03-29 09:03:03,2021-03-29T08:03:03.397000Z,SE0000310336,2021-03-29 09:03:03,2021-03-29T08:03:03.397000Z,SEK,XSTO,XSTO,MonetaryAmount,N,12-------PH---,000051277,674.2,90,,,
194,10685,2021-03-29 09:03:07,2021-03-29T08:03:07.193000Z,SE0000310336,2021-03-29 09:03:07,2021-03-29T08:03:07.193000Z,SEK,XSTO,XSTO,MonetaryAmount,N,12-------PH---,000051621,674.2,10,,,
195,10684,2021-03-29 09:03:07,2021-03-29T08:03:07.193000Z,SE0000310336,2021-03-29 09:03:07,2021-03-29T08:03:07.193000Z,SEK,XSTO,XSTO,MonetaryAmount,N,12-------PH---,000051622,674.2,23,,,
196,10683,2021-03-29 09:03:23,2021-03-29T08:03:23.810000Z,SE0000310336,2021-03-29 09:03:23,2021-03-29T08:03:23.810000Z,SEK,XSTO,XSTO,MonetaryAmount,N,12-------PH---,000052856,674.6,89,,,
197,10682,2021-03-29 09:03:23,2021-03-29T08:03:23.810000Z,SE0000310336,2021-03-29 09:03:23,2021-03-29T08:03:23.810000Z,SEK,XSTO,XSTO,MonetaryAmount,N,12-------PH---,000052857,674.6,21,,,
198,10681,2021-03-29 09:03:23,2021-03-29T08:03:23.810000Z,SE0000310336,2021-03-29 09:03:23,2021-03-29T08:03:23.810000Z,SEK,XSTO,XSTO,MonetaryAmount,N,12-------PH---,000052858,674.6,128,,,
199,10680,2021-03-29 09:03:25,2021-03-29T08:03:25.960000Z,SE0000310336,2021-03-29 09:03:25,2021-03-29T08:03:25.960000Z,SEK,XSTO,XSTO,MonetaryAmount,N,12-------PH---,000052981,674.8,20,,,
200,10679,2021-03-29 09:03:26,2021-03-29T08:03:26.163000Z,SE0000310336,2021-03-29 09:03:26,2021-03-29T08:03:26.163000Z,SEK,XSTO,XSTO,MonetaryAmount,N,12-------PH---,000052989,675.0,400,,,
201,10678,2021-03-29 09:03:26,2021-03-29T08:03:26.163000Z,SE0000310336,2021-03-29 09:03:26,2021-03-29T08:03:26.163000Z,SEK,XSTO,XSTO,MonetaryAmount,N,12-------PH---,000052990,675.0,12,,,
202,10677,2021-03-29 09:03:45,2021-03-29T08:03:45.240000Z,SE0000310336,2021-03-29 09:03:45,2021-03-29T08:03:45.240000Z,SEK,XSTO,XSTO,MonetaryAmount,N,45-3-----PH---,F050070877,675.0,10,,,Standard Routed Trade
203,10676,2021-03-29 09:03:45,2021-03-29T08:03:45.597000Z,SE0000310336,2021-03-29 09:03:45,2021-03-29T08:03:45.597000Z,SEK,XSTO,XSTO,MonetaryAmount,N,12-------PH---,000054156,675.2,30,,,
204,10675,2021-03-29 09:03:52,2021-03-29T08:03:52.377000Z,SE0000310336,2021-03-29 09:03:52,2021-03-29T08:03:52.377000Z,SEK,XSTO,XSTO,MonetaryAmount,N,12-------PH---,000054589,675.2,60,,,
205,10674,2021-03-29 09:04:00,2021-03-29T08:04:00.603000Z,SE0000310336,2021-03-29 09:04:00,2021-03-29T08:04:00.603000Z,SEK,XSTO,XSTO,MonetaryAmount,N,12-------PH---,000055028,675.2,3,,,
206,10673,2021-03-29 09:04:00,2021-03-29T08:04:00.603000Z,SE0000310336,2021-03-29 09:04:00,2021-03-29T08:04:00.603000Z,SEK,XSTO,XSTO,MonetaryAmount,N,12-------PH---,000055029,675.2,565,,,
207,10672,2021-03-29 09:04:00,2021-03-29T08:04:00.603000Z,SE0000310336,2021-03-29 09:04:00,2021-03-29T08:04:00.603000Z,SEK,XSTO,XSTO,MonetaryAmount,N,12-------PH---,000055030,675.2,335,,,
208,10671,2021-03-29 09:04:00,2021-03-29T08:04:00.603000Z,SE0000310336,2021-03-29 09:04:00,2021-03-29T08:04:00.603000Z,SEK,XSTO,XSTO,MonetaryAmount,N,12-------PH---,000055031,675.0,68,,,
209,10670,2021-03-29 09:04:00,2021-03-29T08:04:00.603000Z,SE0000310336,2021-03-29 09:04:00,2021-03-29T08:04:00.603000Z,SEK,XSTO,XSTO,MonetaryAmount,N,12-------PH---,000055032,675.0,7,,,
210,10669,2021-03-29 09:04:01,2021-03-29T08:04:01.090000Z,SE0000310336,2021-03-29 09:04:01,2021-03-29T08:04:01.090000Z,SEK,XSTO,XSTO,MonetaryAmount,N,12-------PH---,000055066,674.8,39,,,
211,10668,2021-03-29 09:04:14,2021-03-29T08:04:14.887000Z,SE0000310336,2021-03-29 09:04:14,2021-03-29T08:04:14.887000Z,SEK,XSTO,XSTO,MonetaryAmount,N,45-3-----PH---,F050073037,675.0,4,,,Standard Routed Trade
212,10667,2021-03-29 09:04:17,2021-03-29T08:04:17.613000Z,SE0000310336,2021-03-29 09:04:17,2021-03-29T08:04:17.613000Z,SEK,XSTO,XSTO,MonetaryAmount,N,12-------PH---,000056138,674.6,1,,,
213,10666,2021-03-29 09:04:17,2021-03-29T08:04:17.613000Z,SE0000310336,2021-03-29 09:04:17,2021-03-29T08:04:17.613000Z,SEK,XSTO,XSTO,MonetaryAmount,N,12-------PH---,000056139,674.6,119,,,
214,10665,2021-03-29 09:04:17,2021-03-29T08:04:17.613000Z,SE0000310336,2021-03-29 09:04:17,2021-03-29T08:04:17.613000Z,SEK,XSTO,XSTO,MonetaryAmount,N,12-------PH---,000056140,674.6,43,,,
215,10664,2021-03-29 09:04:17,2021-03-29T08:04:17.613000Z,SE0000310336,2021-03-29 09:04:17,2021-03-29T08:04:17.613000Z,SEK,XSTO,XSTO,MonetaryAmount,N,12-------PH---,000056141,674.6,36,,,
216,10663,2021-03-29 09:04:33,2021-03-29T08:04:33.347000Z,SE0000310336,2021-03-29 09:04:33,2021-03-29T08:04:33.347000Z,SEK,XSTO,XSTO,MonetaryAmount,N,45-3-----PH---,F050074295,674.6,1,,,Standard Routed Trade
217,10662,2021-03-29 09:04:48,2021-03-29T08:04:48.157000Z,SE0000310336,2021-03-29 09:04:48,2021-03-29T08:04:48.157000Z,SEK,XSTO,XSTO,MonetaryAmount,N,12-------PH---,000058027,674.4,1,,,
218,10661,2021-03-29 09:04:48,2021-03-29T08:04:48.157000Z,SE0000310336,2021-03-29 09:04:48,2021-03-29T08:04:48.157000Z,SEK,XSTO,XSTO,MonetaryAmount,N,12-------PH---,000058028,674.4,120,,,
219,10660,2021-03-29 09:04:57,2021-03-29T08:04:57.277000Z,SE0000310336,2021-03-29 09:04:57,2021-03-29T08:04:57.277000Z,SEK,XSTO,XSTO,MonetaryAmount,N,12-------PH---,000058591,674.4,60,,,
220,10659,2021-03-29 09:05:23,2021-03-29T08:05:23.447000Z,SE0000310336,2021-03-29 09:05:23,2021-03-29T08:05:23.447000Z,SEK,XSTO,XSTO,MonetaryAmount,N,12-------PH---,000060676,674.4,4,,,
221,10658,2021-03-29 09:05:28,2021-03-29T08:05:28.930000Z,SE0000310336,2021-03-29 09:05:28,2021-03-29T08:05:28.930000Z,SEK,XSTO,XSTO,MonetaryAmount,N,12-------PH---,000061135,675.0,90,,,
222,10657,2021-03-29 09:05:28,2021-03-29T08:05:28.930000Z,SE0000310336,2021-03-29 09:05:28,2021-03-29T08:05:28.933000Z,SEK,XSTO,XSTO,MonetaryAmount,N,12-------PH---,000061136,675.0,40,,,
223,10656,2021-03-29 09:05:28,2021-03-29T08:05:28.930000Z,SE0000310336,2021-03-29 09:05:28,2021-03-29T08:05:28.933000Z,SEK,XSTO,XSTO,MonetaryAmount,N,12-------PH---,000061137,675.0,13,,,
224,10655,2021-03-29 09:05:35,2021-03-29T08:05:35.073000Z,SE0000310336,2021-03-29 09:05:35,2021-03-29T08:05:35.073000Z,SEK,XSTO,XSTO,MonetaryAmount,N,12-------PH---,000061660,674.8,46,,,
225,10654,2021-03-29 09:05:35,2021-03-29T08:05:35.073000Z,SE0000310336,2021-03-29 09:05:35,2021-03-29T08:05:35.073000Z,SEK,XSTO,XSTO,MonetaryAmount,N,12-------PH---,000061661,674.8,10,,,
226,10653,2021-03-29 09:05:42,2021-03-29T08:05:42.567000Z,SE0000310336,2021-03-29 09:05:42,2021-03-29T08:05:42.567000Z,SEK,XSTO,XSTO,MonetaryAmount,N,12-------PH---,000062163,674.8,7,,,
227,10652,2021-03-29 09:06:08,2021-03-29T08:06:08.603000Z,SE0000310336,2021-03-29 09:06:08,2021-03-29T08:06:08.603000Z,SEK,XSTO,XSTO,MonetaryAmount,N,12-------PH---,000063711,674.6,47,,,
228,10651,2021-03-29 09:06:08,2021-03-29T08:06:08.603000Z,SE0000310336,2021-03-29 09:06:08,2021-03-29T08:06:08.603000Z,SEK,XSTO,XSTO,MonetaryAmount,N,12-------PH---,000063712,674.6,127,,,
229,10650,2021-03-29 09:06:13,2021-03-29T08:06:13.237000Z,SE0000310336,2021-03-29 09:06:13,2021-03-29T08:06:13.237000Z,SEK,XSTO,XSTO,MonetaryAmount,N,12-------PH---,000063968,674.6,640,,,
230,10649,2021-03-29 09:06:13,2021-03-29T08:06:13.237000Z,SE0000310336,2021-03-29 09:06:13,2021-03-29T08:06:13.237000Z,SEK,XSTO,XSTO,MonetaryAmount,N,12-------PH---,000063969,674.6,386,,,
231,10648,2021-03-29 09:06:13,2021-03-29T08:06:13.237000Z,SE0000310336,2021-03-29 09:06:13,2021-03-29T08:06:13.237000Z,SEK,XSTO,XSTO,MonetaryAmount,N,12-------PH---,000063970,674.6,53,,,
232,10647,2021-03-29 09:06:17,2021-03-29T08:06:17.157000Z,SE0000310336,2021-03-29 09:06:17,2021-03-29T08:06:17.157000Z,SEK,XSTO,XSTO,MonetaryAmount,N,45-3-----PH---,F050082007,674.8,40,,,Standard Routed Trade
233,10646,2021-03-29 09:06:18,2021-03-29T08:06:18.180000Z,SE0000310336,2021-03-29 09:06:18,2021-03-29T08:06:18.180000Z,SEK,XSTO,XSTO,MonetaryAmount,N,12-------PH---,000064289,674.8,2,,,
234,10645,2021-03-29 09:06:22,2021-03-29T08:06:22.877000Z,SE0000310336,2021-03-29 09:06:22,2021-03-29T08:06:22.877000Z,SEK,XSTO,XSTO,MonetaryAmount,N,12-------PH---,000064596,675.0,137,,,
235,10644,2021-03-29 09:06:22,2021-03-29T08:06:22.877000Z,SE0000310336,2021-03-29 09:06:22,2021-03-29T08:06:22.877000Z,SEK,XSTO,XSTO,MonetaryAmount,N,12-------PH---,000064597,675.0,100,,,
236,10643,2021-03-29 09:06:22,2021-03-29T08:06:22.877000Z,SE0000310336,2021-03-29 09:06:22,2021-03-29T08:06:22.877000Z,SEK,XSTO,XSTO,MonetaryAmount,N,12-------PH---,000064598,675.0,52,,,
237,10642,2021-03-29 09:06:22,2021-03-29T08:06:22.877000Z,SE0000310336,2021-03-29 09:06:22,2021-03-29T08:06:22.877000Z,SEK,XSTO,XSTO,MonetaryAmount,N,12-------PH---,000064599,675.0,50,,,
238,10641,2021-03-29 09:06:22,2021-03-29T08:06:22.877000Z,SE0000310336,2021-03-29 09:06:22,2021-03-29T08:06:22.877000Z,SEK,XSTO,XSTO,MonetaryAmount,N,12-------PH---,000064600,675.0,50,,,
239,10640,2021-03-29 09:06:22,2021-03-29T08:06:22.877000Z,SE0000310336,2021-03-29 09:06:22,2021-03-29T08:06:22.877000Z,SEK,XSTO,XSTO,MonetaryAmount,N,12-------PH---,000064601,675.0,50,,,
240,10639,2021-03-29 09:06:22,2021-03-29T08:06:22.877000Z,SE0000310336,2021-03-29 09:06:22,2021-03-29T08:06:22.877000Z,SEK,XSTO,XSTO,MonetaryAmount,N,12-------PH---,000064602,675.0,100,,,
241,10638,2021-03-29 09:06:22,2021-03-29T08:06:22.893000Z,SE0000310336,2021-03-29 09:06:22,2021-03-29T08:06:22.897000Z,SEK,XSTO,XSTO,MonetaryAmount,N,12-------PH---,000064604,675.0,50,,,
242,10636,2021-03-29 09:06:26,2021-03-29T08:06:26.807000Z,SE0000310336,2021-03-29 09:06:26,2021-03-29T08:06:26.807000Z,SEK,XSTO,XSTO,MonetaryAmount,N,12-------PH---,000064838,674.8,3,,,
243,10635,2021-03-29 09:06:26,2021-03-29T08:06:26.807000Z,SE0000310336,2021-03-29 09:06:26,2021-03-29T08:06:26.807000Z,SEK,XSTO,XSTO,MonetaryAmount,N,12-------PH---,000064839,674.6,90,,,
244,10634,2021-03-29 09:06:26,2021-03-29T08:06:26.807000Z,SE0000310336,2021-03-29 09:06:26,2021-03-29T08:06:26.807000Z,SEK,XSTO,XSTO,MonetaryAmount,N,12-------PH---,000064840,674.6,20,,,
245,10633,2021-03-29 09:06:32,2021-03-29T08:06:32.767000Z,SE0000310336,2021-03-29 09:06:32,2021-03-29T08:06:32.767000Z,SEK,XSTO,XSTO,MonetaryAmount,N,12-------PH---,000065251,674.6,887,,,
246,10632,2021-03-29 09:06:32,2021-03-29T08:06:32.767000Z,SE0000310336,2021-03-29 09:06:32,2021-03-29T08:06:32.767000Z,SEK,XSTO,XSTO,MonetaryAmount,N,12-------P----,000065252,674.6,52,,,
247,10631,2021-03-29 09:06:39,2021-03-29T08:06:39.930000Z,SE0000310336,2021-03-29 09:06:39,2021-03-29T08:06:39.930000Z,SEK,XSTO,XSTO,MonetaryAmount,N,12-------PH---,000065642,675.0,90,,,
248,10630,2021-03-29 09:06:39,2021-03-29T08:06:39.943000Z,SE0000310336,2021-03-29 09:06:39,2021-03-29T08:06:39.943000Z,SEK,XSTO,XSTO,MonetaryAmount,N,45-3-----PH---,F050083582,675.0,125,,,Standard Routed Trade
249,10629,2021-03-29 09:06:43,2021-03-29T08:06:43.007000Z,SE0000310336,2021-03-29 09:06:43,2021-03-29T08:06:43.007000Z,SEK,XSTO,XSTO,MonetaryAmount,N,12-------PH---,000065963,675.2,1000,,,
250,10628,2021-03-29 09:06:52,2021-03-29T08:06:52.810000Z,SE0000310336,2021-03-29 09:06:52,2021-03-29T08:06:52.810000Z,SEK,XSTO,XSTO,MonetaryAmount,N,12-------PH---,000066515,675.0,107,,,
251,10627,2021-03-29 09:06:52,2021-03-29T08:06:52.810000Z,SE0000310336,2021-03-29 09:06:52,2021-03-29T08:06:52.810000Z,SEK,XSTO,XSTO,MonetaryAmount,N,12-------PH---,000066516,675.2,90,,,
252,10626,2021-03-29 09:06:56,2021-03-29T08:06:56.467000Z,SE0000310336,2021-03-29 09:06:56,2021-03-29T08:06:56.467000Z,SEK,XSTO,XSTO,MonetaryAmount,N,12-------PH---,000066722,675.2,3,,,
253,10625,2021-03-29 09:06:56,2021-03-29T08:06:56.467000Z,SE0000310336,2021-03-29 09:06:56,2021-03-29T08:06:56.470000Z,SEK,XSTO,XSTO,MonetaryAmount,N,12-------PH---,000066723,675.2,116,,,
254,10624,2021-03-29 09:07:05,2021-03-29T08:07:05.353000Z,SE0000310336,2021-03-29 09:07:05,2021-03-29T08:07:05.353000Z,SEK,XSTO,XSTO,MonetaryAmount,N,12-------PH---,000067429,675.2,10,,,
255,10623,2021-03-29 09:07:22,2021-03-29T08:07:22.910000Z,SE0000310336,2021-03-29 09:07:22,2021-03-29T08:07:22.910000Z,SEK,XSTO,XSTO,MonetaryAmount,N,12-------PH---,000068444,675.4,1,,,
256,10622,2021-03-29 09:07:23,2021-03-29T08:07:23.203000Z,SE0000310336,2021-03-29 09:07:23,2021-03-29T08:07:23.203000Z,SEK,XSTO,XSTO,MonetaryAmount,N,12-------PH---,000068469,675.4,399,,,
257,10621,2021-03-29 09:07:23,2021-03-29T08:07:23.203000Z,SE0000310336,2021-03-29 09:07:23,2021-03-29T08:07:23.203000Z,SEK,XSTO,XSTO,MonetaryAmount,N,12-------PH---,000068470,675.4,110,,,
258,10620,2021-03-29 09:07:23,2021-03-29T08:07:23.203000Z,SE0000310336,2021-03-29 09:07:23,2021-03-29T08:07:23.203000Z,SEK,XSTO,XSTO,MonetaryAmount,N,12-------PH---,000068471,675.4,190,,,
259,10619,2021-03-29 09:07:23,2021-03-29T08:07:23.203000Z,SE0000310336,2021-03-29 09:07:23,2021-03-29T08:07:23.203000Z,SEK,XSTO,XSTO,MonetaryAmount,N,12-------PH---,000068472,675.4,96,,,
260,10618,2021-03-29 09:07:23,2021-03-29T08:07:23.203000Z,SE0000310336,2021-03-29 09:07:23,2021-03-29T08:07:23.203000Z,SEK,XSTO,XSTO,MonetaryAmount,N,12-------PH---,000068473,675.4,110,,,
261,10617,2021-03-29 09:07:23,2021-03-29T08:07:23.203000Z,SE0000310336,2021-03-29 09:07:23,2021-03-29T08:07:23.203000Z,SEK,XSTO,XSTO,MonetaryAmount,N,12-------PH---,000068474,675.4,286,,,
262,10616,2021-03-29 09:07:23,2021-03-29T08:07:23.203000Z,SE0000310336,2021-03-29 09:07:23,2021-03-29T08:07:23.203000Z,SEK,XSTO,XSTO,MonetaryAmount,N,12-------PH---,000068475,675.4,286,,,
263,10615,2021-03-29 09:07:23,2021-03-29T08:07:23.203000Z,SE0000310336,2021-03-29 09:07:23,2021-03-29T08:07:23.203000Z,SEK,XSTO,XSTO,MonetaryAmount,N,12-------PH---,000068476,675.4,396,,,
264,10614,2021-03-29 09:07:23,2021-03-29T08:07:23.203000Z,SE0000310336,2021-03-29 09:07:23,2021-03-29T08:07:23.203000Z,SEK,XSTO,XSTO,MonetaryAmount,N,12-------PH---,000068477,675.4,400,,,
265,10613,2021-03-29 09:07:23,2021-03-29T08:07:23.223000Z,SE0000310336,2021-03-29 09:07:23,2021-03-29T08:07:23.223000Z,SEK,XSTO,XSTO,MonetaryAmount,N,12-------PH---,000068479,675.4,396,,,
266,10612,2021-03-29 09:07:23,2021-03-29T08:07:23.223000Z,SE0000310336,2021-03-29 09:07:23,2021-03-29T08:07:23.223000Z,SEK,XSTO,XSTO,MonetaryAmount,N,12-------PH---,000068480,675.4,4,,,
267,10611,2021-03-29 09:07:24,2021-03-29T08:07:24.150000Z,SE0000310336,2021-03-29 09:07:24,2021-03-29T08:07:24.150000Z,SEK,XSTO,XSTO,MonetaryAmount,N,12-------PH---,000068520,675.2,116,,,
268,10610,2021-03-29 09:07:42,2021-03-29T08:07:42.230000Z,SE0000310336,2021-03-29 09:07:42,2021-03-29T08:07:42.230000Z,SEK,XSTO,XSTO,MonetaryAmount,N,12-------PH---,000069402,675.2,3,,,
269,10609,2021-03-29 09:07:42,2021-03-29T08:07:42.230000Z,SE0000310336,2021-03-29 09:07:42,2021-03-29T08:07:42.230000Z,SEK,XSTO,XSTO,MonetaryAmount,N,12-------PH---,000069403,675.2,20,,,
270,10608,2021-03-29 09:07:49,2021-03-29T08:07:49.117000Z,SE0000310336,2021-03-29 09:07:49,2021-03-29T08:07:49.117000Z,SEK,XSTO,XSTO,MonetaryAmount,N,12-------PH---,000069830,675.0,678,,,
271,10607,2021-03-29 09:07:49,2021-03-29T08:07:49.117000Z,SE0000310336,2021-03-29 09:07:49,2021-03-29T08:07:49.117000Z,SEK,XSTO,XSTO,MonetaryAmount,N,12-------PH---,000069831,675.0,44,,,
272,10606,2021-03-29 09:07:49,2021-03-29T08:07:49.117000Z,SE0000310336,2021-03-29 09:07:49,2021-03-29T08:07:49.117000Z,SEK,XSTO,XSTO,MonetaryAmount,N,12-------PH---,000069832,675.0,25,,,
273,10605,2021-03-29 09:08:00,2021-03-29T08:08:00.407000Z,SE0000310336,2021-03-29 09:08:00,2021-03-29T08:08:00.407000Z,SEK,XSTO,XSTO,MonetaryAmount,N,12-------PH---,000070695,674.8,62,,,
274,10604,2021-03-29 09:08:00,2021-03-29T08:08:00.407000Z,SE0000310336,2021-03-29 09:08:00,2021-03-29T08:08:00.407000Z,SEK,XSTO,XSTO,MonetaryAmount,N,12-------PH---,000070696,674.8,67,,,
275,10603,2021-03-29 09:08:00,2021-03-29T08:08:00.407000Z,SE0000310336,2021-03-29 09:08:00,2021-03-29T08:08:00.407000Z,SEK,XSTO,XSTO,MonetaryAmount,N,12-------PH---,000070697,674.8,22,,,
276,10602,2021-03-29 09:08:00,2021-03-29T08:08:00.427000Z,SE0000310336,2021-03-29 09:08:00,2021-03-29T08:08:00.427000Z,SEK,XSTO,XSTO,MonetaryAmount,N,12-------PH---,000070699,674.8,90,,,
277,10601,2021-03-29 09:08:00,2021-03-29T08:08:00.427000Z,SE0000310336,2021-03-29 09:08:00,2021-03-29T08:08:00.427000Z,SEK,XSTO,XSTO,MonetaryAmount,N,12-------PH---,000070700,674.8,3,,,
278,10600,2021-03-29 09:08:00,2021-03-29T08:08:00.427000Z,SE0000310336,2021-03-29 09:08:00,2021-03-29T08:08:00.427000Z,SEK,XSTO,XSTO,MonetaryAmount,N,12-------PH---,000070701,674.6,90,,,
279,10599,2021-03-29 09:08:00,2021-03-29T08:08:00.427000Z,SE0000310336,2021-03-29 09:08:00,2021-03-29T08:08:00.427000Z,SEK,XSTO,XSTO,MonetaryAmount,N,12-------PH---,000070702,674.6,10,,,
280,10598,2021-03-29 09:08:00,2021-03-29T08:08:00.427000Z,SE0000310336,2021-03-29 09:08:00,2021-03-29T08:08:00.427000Z,SEK,XSTO,XSTO,MonetaryAmount,N,12-------PH---,000070703,674.6,15,,,
281,10597,2021-03-29 09:08:00,2021-03-29T08:08:00.427000Z,SE0000310336,2021-03-29 09:08:00,2021-03-29T08:08:00.427000Z,SEK,XSTO,XSTO,MonetaryAmount,N,12-------PH---,000070704,674.6,124,,,
282,10596,2021-03-29 09:08:05,2021-03-29T08:08:05.703000Z,SE0000310336,2021-03-29 09:08:05,2021-03-29T08:08:05.703000Z,SEK,XSTO,XSTO,MonetaryAmount,N,12-------PH---,000071199,675.2,75,,,
283,10595,2021-03-29 09:08:05,2021-03-29T08:08:05.703000Z,SE0000310336,2021-03-29 09:08:05,2021-03-29T08:08:05.703000Z,SEK,XSTO,XSTO,MonetaryAmount,N,12-------PH---,000071200,675.2,15,,,
284,10594,2021-03-29 09:08:16,2021-03-29T08:08:16.670000Z,SE0000310336,2021-03-29 09:08:16,2021-03-29T08:08:16.670000Z,SEK,XSTO,XSTO,MonetaryAmount,N,12-------PH---,000072054,675.4,1,,,
285,10593,2021-03-29 09:08:16,2021-03-29T08:08:16.767000Z,SE0000310336,2021-03-29 09:08:16,2021-03-29T08:08:16.767000Z,SEK,XSTO,XSTO,MonetaryAmount,N,12-------PH---,000072063,675.0,5,,,
286,10592,2021-03-29 09:08:18,2021-03-29T08:08:18.077000Z,SE0000310336,2021-03-29 09:08:18,2021-03-29T08:08:18.077000Z,SEK,XSTO,XSTO,MonetaryAmount,N,12-------PH---,000072108,675.0,23,,,
287,10591,2021-03-29 09:08:21,2021-03-29T08:08:21.420000Z,SE0000310336,2021-03-29 09:08:21,2021-03-29T08:08:21.420000Z,SEK,XSTO,XSTO,MonetaryAmount,N,12-------PH---,000072305,675.2,90,,,
288,10590,2021-03-29 09:08:22,2021-03-29T08:08:22.027000Z,SE0000310336,2021-03-29 09:08:22,2021-03-29T08:08:22.027000Z,SEK,XSTO,XSTO,MonetaryAmount,N,12-------PH---,000072348,675.0,1,,,
289,10589,2021-03-29 09:08:27,2021-03-29T08:08:27.243000Z,SE0000310336,2021-03-29 09:08:27,2021-03-29T08:08:27.243000Z,SEK,XSTO,XSTO,MonetaryAmount,N,12-------PH---,000072751,675.4,217,,,
290,10588,2021-03-29 09:08:27,2021-03-29T08:08:27.243000Z,SE0000310336,2021-03-29 09:08:27,2021-03-29T08:08:27.243000Z,SEK,XSTO,XSTO,MonetaryAmount,N,12-------PH---,000072752,675.4,182,,,
291,10587,2021-03-29 09:08:27,2021-03-29T08:08:27.243000Z,SE0000310336,2021-03-29 09:08:27,2021-03-29T08:08:27.243000Z,SEK,XSTO,XSTO,MonetaryAmount,N,12-------PH---,000072753,675.4,16,,,
292,10586,2021-03-29 09:08:27,2021-03-29T08:08:27.243000Z,SE0000310336,2021-03-29 09:08:27,2021-03-29T08:08:27.243000Z,SEK,XSTO,XSTO,MonetaryAmount,N,12-------PH---,000072754,675.4,182,,,
293,10585,2021-03-29 09:08:30,2021-03-29T08:08:30.447000Z,SE0000310336,2021-03-29 09:08:30,2021-03-29T08:08:30.447000Z,SEK,XSTO,XSTO,MonetaryAmount,N,12-------PH---,000073030,675.6,1,,,
294,10584,2021-03-29 09:08:30,2021-03-29T08:08:30.447000Z,SE0000310336,2021-03-29 09:08:30,2021-03-29T08:08:30.447000Z,SEK,XSTO,XSTO,MonetaryAmount,N,12-------PH---,000073031,675.6,2,,,
295,10583,2021-03-29 09:08:30,2021-03-29T08:08:30.447000Z,SE0000310336,2021-03-29 09:08:30,2021-03-29T08:08:30.447000Z,SEK,XSTO,XSTO,MonetaryAmount,N,12-------P----,000073032,675.6,61,,,
296,10582,2021-03-29 09:08:32,2021-03-29T08:08:32.247000Z,SE0000310336,2021-03-29 09:08:32,2021-03-29T08:08:32.247000Z,SEK,XSTO,XSTO,MonetaryAmount,N,12-------PH---,000073138,675.8,7,,,
297,10581,2021-03-29 09:08:32,2021-03-29T08:08:32.247000Z,SE0000310336,2021-03-29 09:08:32,2021-03-29T08:08:32.247000Z,SEK,XSTO,XSTO,MonetaryAmount,N,12-------PH---,000073139,675.8,43,,,
298,10580,2021-03-29 09:08:32,2021-03-29T08:08:32.740000Z,SE0000310336,2021-03-29 09:08:32,2021-03-29T08:08:32.740000Z,SEK,XSTO,XSTO,MonetaryAmount,N,12-------PH---,000073153,676.0,1,,,
299,10579,2021-03-29 09:08:32,2021-03-29T08:08:32.740000Z,SE0000310336,2021-03-29 09:08:32,2021-03-29T08:08:32.740000Z,SEK,XSTO,XSTO,MonetaryAmount,N,12-------PH---,000073154,676.0,4,,,
300,10578,2021-03-29 09:08:46,2021-03-29T08:08:46.600000Z,SE0000310336,2021-03-29 09:08:46,2021-03-29T08:08:46.600000Z,SEK,XSTO,XSTO,MonetaryAmount,N,12-------PH---,000073888,676.0,3,,,
301,10577,2021-03-29 09:09:00,2021-03-29T08:09:00.543000Z,SE0000310336,2021-03-29 09:09:00,2021-03-29T08:09:00.543000Z,SEK,XSTO,XSTO,MonetaryAmount,N,12-------PH---,000074792,675.8,3,,,
302,10576,2021-03-29 09:09:00,2021-03-29T08:09:00.667000Z,SE0000310336,2021-03-29 09:09:00,2021-03-29T08:09:00.667000Z,SEK,XSTO,XSTO,MonetaryAmount,N,12-------PH---,000074799,675.6,124,,,
303,10575,2021-03-29 09:09:00,2021-03-29T08:09:00.667000Z,SE0000310336,2021-03-29 09:09:00,2021-03-29T08:09:00.667000Z,SEK,XSTO,XSTO,MonetaryAmount,N,12-------PH---,000074800,675.6,222,,,
304,10574,2021-03-29 09:09:02,2021-03-29T08:09:02.063000Z,SE0000310336,2021-03-29 09:09:02,2021-03-29T08:09:02.063000Z,SEK,XSTO,XSTO,MonetaryAmount,N,45-3-----PH---,F050093699,675.6,5,,,Standard Routed Trade
305,10573,2021-03-29 09:09:02,2021-03-29T08:09:02.537000Z,SE0000310336,2021-03-29 09:09:02,2021-03-29T08:09:02.537000Z,SEK,XSTO,XSTO,MonetaryAmount,N,12-------PH---,000074921,675.8,3,,,
306,10572,2021-03-29 09:09:04,2021-03-29T08:09:04.750000Z,SE0000310336,2021-03-29 09:09:04,2021-03-29T08:09:04.750000Z,SEK,XSTO,XSTO,MonetaryAmount,N,12-------PH---,000075091,675.6,4,,,
307,10571,2021-03-29 09:09:14,2021-03-29T08:09:14.060000Z,SE0000310336,2021-03-29 09:09:14,2021-03-29T08:09:14.063000Z,SEK,XSTO,XSTO,MonetaryAmount,N,12-------PH---,000075699,676.0,3,,,
308,10570,2021-03-29 09:09:18,2021-03-29T08:09:18.793000Z,SE0000310336,2021-03-29 09:09:18,2021-03-29T08:09:18.793000Z,SEK,XSTO,XSTO,MonetaryAmount,N,12-------PH---,000075973,675.6,129,,,
309,10569,2021-03-29 09:09:18,2021-03-29T08:09:18.793000Z,SE0000310336,2021-03-29 09:09:18,2021-03-29T08:09:18.793000Z,SEK,XSTO,XSTO,MonetaryAmount,N,12-------PH---,000075974,675.6,86,,,
310,10568,2021-03-29 09:09:34,2021-03-29T08:09:34.277000Z,SE0000310336,2021-03-29 09:09:34,2021-03-29T08:09:34.277000Z,SEK,XSTO,XSTO,MonetaryAmount,N,12-------PH---,000076922,675.8,4,,,
311,10567,2021-03-29 09:09:36,2021-03-29T08:09:36.880000Z,SE0000310336,2021-03-29 09:09:36,2021-03-29T08:09:36.880000Z,SEK,XSTO,XSTO,MonetaryAmount,N,12-------PH---,000077097,675.8,1,,,
312,10566,2021-03-29 09:10:00,2021-03-29T08:10:00.823000Z,SE0000310336,2021-03-29 09:10:00,2021-03-29T08:10:00.823000Z,SEK,XSTO,XSTO,MonetaryAmount,N,12-------PH---,000078389,675.6,50,,,
313,10565,2021-03-29 09:10:00,2021-03-29T08:10:00.823000Z,SE0000310336,2021-03-29 09:10:00,2021-03-29T08:10:00.823000Z,SEK,XSTO,XSTO,MonetaryAmount,N,12-------PH---,000078390,675.6,26,,,
314,10564,2021-03-29 09:10:06,2021-03-29T08:10:06.250000Z,SE0000310336,2021-03-29 09:10:06,2021-03-29T08:10:06.250000Z,SEK,XSTO,XSTO,MonetaryAmount,N,12-------PH---,000078719,675.8,13,,,
315,10563,2021-03-29 09:10:17,2021-03-29T08:10:17.547000Z,SE0000310336,2021-03-29 09:10:17,2021-03-29T08:10:17.547000Z,SEK,XSTO,XSTO,MonetaryAmount,N,12-------PH---,000079301,675.6,90,,,
316,10562,2021-03-29 09:10:17,2021-03-29T08:10:17.567000Z,SE0000310336,2021-03-29 09:10:17,2021-03-29T08:10:17.567000Z,SEK,XSTO,XSTO,MonetaryAmount,N,12-------PH---,000079302,675.8,84,,,
317,10561,2021-03-29 09:10:17,2021-03-29T08:10:17.567000Z,SE0000310336,2021-03-29 09:10:17,2021-03-29T08:10:17.567000Z,SEK,XSTO,XSTO,MonetaryAmount,N,12-------PH---,000079303,675.8,64,,,
318,10560,2021-03-29 09:10:17,2021-03-29T08:10:17.567000Z,SE0000310336,2021-03-29 09:10:17,2021-03-29T08:10:17.567000Z,SEK,XSTO,XSTO,MonetaryAmount,N,12-------PH---,000079304,675.8,26,,,
319,10559,2021-03-29 09:10:17,2021-03-29T08:10:17.567000Z,SE0000310336,2021-03-29 09:10:17,2021-03-29T08:10:17.567000Z,SEK,XSTO,XSTO,MonetaryAmount,N,12-------PH---,000079305,675.6,90,,,
320,10558,2021-03-29 09:10:24,2021-03-29T08:10:24.323000Z,SE0000310336,2021-03-29 09:10:24,2021-03-29T08:10:24.323000Z,SEK,XSTO,XSTO,MonetaryAmount,N,12-------PH---,000079626,676.0,16,,,
321,10557,2021-03-29 09:10:24,2021-03-29T08:10:24.323000Z,SE0000310336,2021-03-29 09:10:24,2021-03-29T08:10:24.323000Z,SEK,XSTO,XSTO,MonetaryAmount,N,12-------PH---,000079627,676.0,9,,,
322,10556,2021-03-29 09:10:24,2021-03-29T08:10:24.323000Z,SE0000310336,2021-03-29 09:10:24,2021-03-29T08:10:24.323000Z,SEK,XSTO,XSTO,MonetaryAmount,N,12-------PH---,000079628,676.0,249,,,
323,10555,2021-03-29 09:10:24,2021-03-29T08:10:24.323000Z,SE0000310336,2021-03-29 09:10:24,2021-03-29T08:10:24.323000Z,SEK,XSTO,XSTO,MonetaryAmount,N,12-------PH---,000079629,676.0,91,,,
324,10554,2021-03-29 09:10:24,2021-03-29T08:10:24.343000Z,SE0000310336,2021-03-29 09:10:24,2021-03-29T08:10:24.343000Z,SEK,XSTO,XSTO,MonetaryAmount,N,12-------PH---,000079630,676.0,90,,,
325,10553,2021-03-29 09:10:28,2021-03-29T08:10:28.437000Z,SE0000310336,2021-03-29 09:10:28,2021-03-29T08:10:28.437000Z,SEK,XSTO,XSTO,MonetaryAmount,N,12-------PH---,000079862,676.0,90,,,
326,10552,2021-03-29 09:10:29,2021-03-29T08:10:29.347000Z,SE0000310336,2021-03-29 09:10:29,2021-03-29T08:10:29.347000Z,SEK,XSTO,XSTO,MonetaryAmount,N,12-------PH---,000079885,676.2,9,,,
327,10551,2021-03-29 09:10:29,2021-03-29T08:10:29.347000Z,SE0000310336,2021-03-29 09:10:29,2021-03-29T08:10:29.347000Z,SEK,XSTO,XSTO,MonetaryAmount,N,12-------PH---,000079886,676.2,11,,,
328,10550,2021-03-29 09:10:29,2021-03-29T08:10:29.347000Z,SE0000310336,2021-03-29 09:10:29,2021-03-29T08:10:29.347000Z,SEK,XSTO,XSTO,MonetaryAmount,N,12-------PH---,000079887,676.2,1,,,
329,10549,2021-03-29 09:10:29,2021-03-29T08:10:29.347000Z,SE0000310336,2021-03-29 09:10:29,2021-03-29T08:10:29.347000Z,SEK,XSTO,XSTO,MonetaryAmount,N,12-------PH---,000079888,676.2,2,,,
330,10548,2021-03-29 09:10:29,2021-03-29T08:10:29.347000Z,SE0000310336,2021-03-29 09:10:29,2021-03-29T08:10:29.347000Z,SEK,XSTO,XSTO,MonetaryAmount,N,12-------PH---,000079889,676.2,96,,,
331,10547,2021-03-29 09:10:30,2021-03-29T08:10:30.003000Z,SE0000310336,2021-03-29 09:10:30,2021-03-29T08:10:30.003000Z,SEK,XSTO,XSTO,MonetaryAmount,N,12-------PH---,000079915,676.0,90,,,
332,10546,2021-03-29 09:10:34,2021-03-29T08:10:34.350000Z,SE0000310336,2021-03-29 09:10:34,2021-03-29T08:10:34.350000Z,SEK,XSTO,XSTO,MonetaryAmount,N,12-------PH---,000080181,676.0,11,,,
333,10545,2021-03-29 09:10:48,2021-03-29T08:10:48.237000Z,SE0000310336,2021-03-29 09:10:48,2021-03-29T08:10:48.237000Z,SEK,XSTO,XSTO,MonetaryAmount,N,12-------PH---,000080883,676.0,1,,,
334,10544,2021-03-29 09:11:01,2021-03-29T08:11:01.377000Z,SE0000310336,2021-03-29 09:11:01,2021-03-29T08:11:01.377000Z,SEK,XSTO,XSTO,MonetaryAmount,N,12-------PH---,000081554,676.0,1,,,
335,10543,2021-03-29 09:11:03,2021-03-29T08:11:03.090000Z,SE0000310336,2021-03-29 09:11:03,2021-03-29T08:11:03.090000Z,SEK,XSTO,XSTO,MonetaryAmount,N,12-------PH---,000081709,676.6,90,,,
336,10542,2021-03-29 09:11:03,2021-03-29T08:11:03.090000Z,SE0000310336,2021-03-29 09:11:03,2021-03-29T08:11:03.090000Z,SEK,XSTO,XSTO,MonetaryAmount,N,12-------PH---,000081710,676.6,100,,,
337,10541,2021-03-29 09:11:03,2021-03-29T08:11:03.090000Z,SE0000310336,2021-03-29 09:11:03,2021-03-29T08:11:03.090000Z,SEK,XSTO,XSTO,MonetaryAmount,N,12-------PH---,000081711,676.6,90,,,
338,10540,2021-03-29 09:11:03,2021-03-29T08:11:03.090000Z,SE0000310336,2021-03-29 09:11:03,2021-03-29T08:11:03.090000Z,SEK,XSTO,XSTO,MonetaryAmount,N,12-------PH---,000081712,676.6,54,,,
339,10539,2021-03-29 09:11:03,2021-03-29T08:11:03.147000Z,SE0000310336,2021-03-29 09:11:03,2021-03-29T08:11:03.147000Z,SEK,XSTO,XSTO,MonetaryAmount,N,12-------PH---,000081717,677.0,20,,,
340,10538,2021-03-29 09:11:03,2021-03-29T08:11:03.147000Z,SE0000310336,2021-03-29 09:11:03,2021-03-29T08:11:03.147000Z,SEK,XSTO,XSTO,MonetaryAmount,N,12-------PH---,000081718,677.0,25,,,
341,10537,2021-03-29 09:11:03,2021-03-29T08:11:03.147000Z,SE0000310336,2021-03-29 09:11:03,2021-03-29T08:11:03.147000Z,SEK,XSTO,XSTO,MonetaryAmount,N,12-------PH---,000081719,677.0,5,,,
342,10536,2021-03-29 09:11:03,2021-03-29T08:11:03.147000Z,SE0000310336,2021-03-29 09:11:03,2021-03-29T08:11:03.147000Z,SEK,XSTO,XSTO,MonetaryAmount,N,12-------PH---,000081720,677.0,90,,,
343,10535,2021-03-29 09:11:03,2021-03-29T08:11:03.147000Z,SE0000310336,2021-03-29 09:11:03,2021-03-29T08:11:03.147000Z,SEK,XSTO,XSTO,MonetaryAmount,N,12-------PH---,000081721,677.0,10,,,
344,10534,2021-03-29 09:11:23,2021-03-29T08:11:23.650000Z,SE0000310336,2021-03-29 09:11:23,2021-03-29T08:11:23.650000Z,SEK,XSTO,XSTO,MonetaryAmount,N,12-------PH---,000082817,676.6,30,,,
345,10533,2021-03-29 09:11:23,2021-03-29T08:11:23.650000Z,SE0000310336,2021-03-29 09:11:23,2021-03-29T08:11:23.650000Z,SEK,XSTO,XSTO,MonetaryAmount,N,12-------PH---,000082818,676.6,60,,,
346,10532,2021-03-29 09:11:23,2021-03-29T08:11:23.650000Z,SE0000310336,2021-03-29 09:11:23,2021-03-29T08:11:23.650000Z,SEK,XSTO,XSTO,MonetaryAmount,N,12-------P----,000082819,676.6,71,,,
347,10531,2021-03-29 09:11:23,2021-03-29T08:11:23.650000Z,SE0000310336,2021-03-29 09:11:23,2021-03-29T08:11:23.650000Z,SEK,XSTO,XSTO,MonetaryAmount,N,12-------PH---,000082820,676.6,119,,,
348,10530,2021-03-29 09:11:37,2021-03-29T08:11:37.230000Z,SE0000310336,2021-03-29 09:11:37,2021-03-29T08:11:37.230000Z,SEK,XSTO,XSTO,MonetaryAmount,N,12-------PH---,000083387,676.8,1,,,
349,10529,2021-03-29 09:11:46,2021-03-29T08:11:46.247000Z,SE0000310336,2021-03-29 09:11:46,2021-03-29T08:11:46.247000Z,SEK,XSTO,XSTO,MonetaryAmount,N,12-------PH---,000083904,676.8,1,,,
350,10528,2021-03-29 09:11:47,2021-03-29T08:11:47.187000Z,SE0000310336,2021-03-29 09:11:47,2021-03-29T08:11:47.187000Z,SEK,XSTO,XSTO,MonetaryAmount,N,12-------PH---,000083948,676.8,2,,,
351,10527,2021-03-29 09:11:47,2021-03-29T08:11:47.187000Z,SE0000310336,2021-03-29 09:11:47,2021-03-29T08:11:47.187000Z,SEK,XSTO,XSTO,MonetaryAmount,N,12-------PH---,000083949,676.8,48,,,
352,10526,2021-03-29 09:11:47,2021-03-29T08:11:47.780000Z,SE0000310336,2021-03-29 09:11:47,2021-03-29T08:11:47.780000Z,SEK,XSTO,XSTO,MonetaryAmount,N,12-------PH---,000083969,677.0,292,,,
353,10525,2021-03-29 09:11:47,2021-03-29T08:11:47.780000Z,SE0000310336,2021-03-29 09:11:47,2021-03-29T08:11:47.780000Z,SEK,XSTO,XSTO,MonetaryAmount,N,12-------PH---,000083970,677.0,1228,,,
354,10524,2021-03-29 09:11:47,2021-03-29T08:11:47.780000Z,SE0000310336,2021-03-29 09:11:47,2021-03-29T08:11:47.780000Z,SEK,XSTO,XSTO,MonetaryAmount,N,12-------PH---,000083971,677.0,51,,,
355,10523,2021-03-29 09:11:47,2021-03-29T08:11:47.800000Z,SE0000310336,2021-03-29 09:11:47,2021-03-29T08:11:47.800000Z,SEK,XSTO,XSTO,MonetaryAmount,N,12-------PH---,000083974,677.2,90,,,
356,10522,2021-03-29 09:11:47,2021-03-29T08:11:47.800000Z,SE0000310336,2021-03-29 09:11:47,2021-03-29T08:11:47.800000Z,SEK,XSTO,XSTO,MonetaryAmount,N,12-------PH---,000083975,677.2,90,,,
357,10521,2021-03-29 09:11:48,2021-03-29T08:11:48.657000Z,SE0000310336,2021-03-29 09:11:48,2021-03-29T08:11:48.657000Z,SEK,XSTO,XSTO,MonetaryAmount,N,12-------PH---,000084037,677.2,10,,,
358,10520,2021-03-29 09:11:48,2021-03-29T08:11:48.837000Z,SE0000310336,2021-03-29 09:11:48,2021-03-29T08:11:48.837000Z,SEK,XSTO,XSTO,MonetaryAmount,N,12-------PH---,000084055,677.2,80,,,
359,10519,2021-03-29 09:11:48,2021-03-29T08:11:48.837000Z,SE0000310336,2021-03-29 09:11:48,2021-03-29T08:11:48.837000Z,SEK,XSTO,XSTO,MonetaryAmount,N,12-------PH---,000084056,677.2,38,,,
360,10518,2021-03-29 09:11:48,2021-03-29T08:11:48.837000Z,SE0000310336,2021-03-29 09:11:48,2021-03-29T08:11:48.837000Z,SEK,XSTO,XSTO,MonetaryAmount,N,12-------PH---,000084057,677.0,90,,,
361,10517,2021-03-29 09:11:48,2021-03-29T08:11:48.837000Z,SE0000310336,2021-03-29 09:11:48,2021-03-29T08:11:48.837000Z,SEK,XSTO,XSTO,MonetaryAmount,N,12-------PH---,000084058,677.0,90,,,
362,10516,2021-03-29 09:11:48,2021-03-29T08:11:48.837000Z,SE0000310336,2021-03-29 09:11:48,2021-03-29T08:11:48.837000Z,SEK,XSTO,XSTO,MonetaryAmount,N,12-------PH---,000084059,677.0,151,,,
363,10515,2021-03-29 09:11:48,2021-03-29T08:11:48.837000Z,SE0000310336,2021-03-29 09:11:48,2021-03-29T08:11:48.837000Z,SEK,XSTO,XSTO,MonetaryAmount,N,12-------PH---,000084060,677.0,100,,,
364,10514,2021-03-29 09:11:48,2021-03-29T08:11:48.837000Z,SE0000310336,2021-03-29 09:11:48,2021-03-29T08:11:48.837000Z,SEK,XSTO,XSTO,MonetaryAmount,N,12-------PH---,000084061,676.8,20,,,
365,10513,2021-03-29 09:11:48,2021-03-29T08:11:48.837000Z,SE0000310336,2021-03-29 09:11:48,2021-03-29T08:11:48.837000Z,SEK,XSTO,XSTO,MonetaryAmount,N,12-------PH---,000084062,676.8,90,,,
366,10512,2021-03-29 09:11:48,2021-03-29T08:11:48.837000Z,SE0000310336,2021-03-29 09:11:48,2021-03-29T08:11:48.837000Z,SEK,XSTO,XSTO,MonetaryAmount,N,12-------PH---,000084063,676.8,90,,,
367,10511,2021-03-29 09:11:48,2021-03-29T08:11:48.837000Z,SE0000310336,2021-03-29 09:11:48,2021-03-29T08:11:48.837000Z,SEK,XSTO,XSTO,MonetaryAmount,N,12-------PH---,000084064,676.8,100,,,
368,10510,2021-03-29 09:11:48,2021-03-29T08:11:48.837000Z,SE0000310336,2021-03-29 09:11:48,2021-03-29T08:11:48.837000Z,SEK,XSTO,XSTO,MonetaryAmount,N,12-------PH---,000084065,676.8,100,,,
369,10509,2021-03-29 09:11:48,2021-03-29T08:11:48.837000Z,SE0000310336,2021-03-29 09:11:48,2021-03-29T08:11:48.837000Z,SEK,XSTO,XSTO,MonetaryAmount,N,12-------PH---,000084066,676.6,90,,,
370,10508,2021-03-29 09:11:48,2021-03-29T08:11:48.837000Z,SE0000310336,2021-03-29 09:11:48,2021-03-29T08:11:48.837000Z,SEK,XSTO,XSTO,MonetaryAmount,N,12-------PH---,000084067,676.6,100,,,
371,10507,2021-03-29 09:11:48,2021-03-29T08:11:48.837000Z,SE0000310336,2021-03-29 09:11:48,2021-03-29T08:11:48.837000Z,SEK,XSTO,XSTO,MonetaryAmount,N,12-------PH---,000084068,676.4,90,,,
372,10506,2021-03-29 09:11:48,2021-03-29T08:11:48.837000Z,SE0000310336,2021-03-29 09:11:48,2021-03-29T08:11:48.837000Z,SEK,XSTO,XSTO,MonetaryAmount,N,12-------PH---,000084069,676.4,100,,,
373,10505,2021-03-29 09:11:48,2021-03-29T08:11:48.837000Z,SE0000310336,2021-03-29 09:11:48,2021-03-29T08:11:48.837000Z,SEK,XSTO,XSTO,MonetaryAmount,N,12-------PH---,000084070,676.4,90,,,
374,10504,2021-03-29 09:11:48,2021-03-29T08:11:48.837000Z,SE0000310336,2021-03-29 09:11:48,2021-03-29T08:11:48.837000Z,SEK,XSTO,XSTO,MonetaryAmount,N,12-------PH---,000084071,676.4,151,,,
375,10503,2021-03-29 09:11:48,2021-03-29T08:11:48.837000Z,SE0000310336,2021-03-29 09:11:48,2021-03-29T08:11:48.837000Z,SEK,XSTO,XSTO,MonetaryAmount,N,12-------PH---,000084072,676.4,100,,,
376,10502,2021-03-29 09:11:48,2021-03-29T08:11:48.837000Z,SE0000310336,2021-03-29 09:11:48,2021-03-29T08:11:48.837000Z,SEK,XSTO,XSTO,MonetaryAmount,N,12-------PH---,000084073,676.2,90,,,
377,10501,2021-03-29 09:11:48,2021-03-29T08:11:48.837000Z,SE0000310336,2021-03-29 09:11:48,2021-03-29T08:11:48.837000Z,SEK,XSTO,XSTO,MonetaryAmount,N,12-------PH---,000084074,676.2,28,,,
378,10500,2021-03-29 09:11:48,2021-03-29T08:11:48.837000Z,SE0000310336,2021-03-29 09:11:48,2021-03-29T08:11:48.837000Z,SEK,XSTO,XSTO,MonetaryAmount,N,12-------PH---,000084075,676.2,90,,,
379,10499,2021-03-29 09:11:48,2021-03-29T08:11:48.837000Z,SE0000310336,2021-03-29 09:11:48,2021-03-29T08:11:48.837000Z,SEK,XSTO,XSTO,MonetaryAmount,N,12-------PH---,000084076,676.2,100,,,
380,10498,2021-03-29 09:11:48,2021-03-29T08:11:48.837000Z,SE0000310336,2021-03-29 09:11:48,2021-03-29T08:11:48.837000Z,SEK,XSTO,XSTO,MonetaryAmount,N,12-------PH---,000084077,676.2,37,,,
381,10497,2021-03-29 09:11:48,2021-03-29T08:11:48.857000Z,SE0000310336,2021-03-29 09:11:48,2021-03-29T08:11:48.857000Z,SEK,XSTO,XSTO,MonetaryAmount,N,12-------PH---,000084078,677.0,90,,,
382,10496,2021-03-29 09:11:48,2021-03-29T08:11:48.857000Z,SE0000310336,2021-03-29 09:11:48,2021-03-29T08:11:48.857000Z,SEK,XSTO,XSTO,MonetaryAmount,N,12-------PH---,000084079,677.2,45,,,
383,10495,2021-03-29 09:11:53,2021-03-29T08:11:53.800000Z,SE0000310336,2021-03-29 09:11:53,2021-03-29T08:11:53.800000Z,SEK,XSTO,XSTO,MonetaryAmount,N,12-------PH---,000084306,677.0,90,,,
384,10494,2021-03-29 09:11:53,2021-03-29T08:11:53.800000Z,SE0000310336,2021-03-29 09:11:53,2021-03-29T08:11:53.800000Z,SEK,XSTO,XSTO,MonetaryAmount,N,12-------PH---,000084307,677.0,65,,,
385,10493,2021-03-29 09:11:53,2021-03-29T08:11:53.800000Z,SE0000310336,2021-03-29 09:11:53,2021-03-29T08:11:53.800000Z,SEK,XSTO,XSTO,MonetaryAmount,N,12-------PH---,000084308,677.0,57,,,
386,10492,2021-03-29 09:11:53,2021-03-29T08:11:53.800000Z,SE0000310336,2021-03-29 09:11:53,2021-03-29T08:11:53.800000Z,SEK,XSTO,XSTO,MonetaryAmount,N,12-------PH---,000084309,677.0,58,,,
387,10491,2021-03-29 09:11:53,2021-03-29T08:11:53.800000Z,SE0000310336,2021-03-29 09:11:53,2021-03-29T08:11:53.800000Z,SEK,XSTO,XSTO,MonetaryAmount,N,12-------PH---,000084310,677.0,54,,,
388,10490,2021-03-29 09:11:53,2021-03-29T08:11:53.800000Z,SE0000310336,2021-03-29 09:11:53,2021-03-29T08:11:53.800000Z,SEK,XSTO,XSTO,MonetaryAmount,N,12-------PH---,000084311,677.0,11,,,
389,10489,2021-03-29 09:11:55,2021-03-29T08:11:55.820000Z,SE0000310336,2021-03-29 09:11:55,2021-03-29T08:11:55.820000Z,SEK,XSTO,XSTO,MonetaryAmount,N,12-------PH---,000084468,676.8,90,,,
390,10488,2021-03-29 09:12:05,2021-03-29T08:12:05.620000Z,SE0000310336,2021-03-29 09:12:05,2021-03-29T08:12:05.620000Z,SEK,XSTO,XSTO,MonetaryAmount,N,12-------PH---,000084966,676.8,72,,,
391,10487,2021-03-29 09:12:05,2021-03-29T08:12:05.620000Z,SE0000310336,2021-03-29 09:12:05,2021-03-29T08:12:05.623000Z,SEK,XSTO,XSTO,MonetaryAmount,N,12-------PH---,000084967,677.0,47,,,
392,10486,2021-03-29 09:12:05,2021-03-29T08:12:05.620000Z,SE0000310336,2021-03-29 09:12:05,2021-03-29T08:12:05.623000Z,SEK,XSTO,XSTO,MonetaryAmount,N,12-------PH---,000084968,677.0,55,,,
393,10485,2021-03-29 09:12:05,2021-03-29T08:12:05.640000Z,SE0000310336,2021-03-29 09:12:05,2021-03-29T08:12:05.640000Z,SEK,XSTO,XSTO,MonetaryAmount,N,12-------PH---,000084975,677.0,90,,,
394,10484,2021-03-29 09:12:05,2021-03-29T08:12:05.640000Z,SE0000310336,2021-03-29 09:12:05,2021-03-29T08:12:05.643000Z,SEK,XSTO,XSTO,MonetaryAmount,N,12-------PH---,000084976,677.0,43,,,
395,10483,2021-03-29 09:12:32,2021-03-29T08:12:32.740000Z,SE0000310336,2021-03-29 09:12:32,2021-03-29T08:12:32.740000Z,SEK,XSTO,XSTO,MonetaryAmount,N,12-------PH---,000086387,677.0,25,,,
396,10482,2021-03-29 09:12:56,2021-03-29T08:12:56.967000Z,SE0000310336,2021-03-29 09:12:56,2021-03-29T08:12:56.967000Z,SEK,XSTO,XSTO,MonetaryAmount,N,12-------PH---,000087557,677.2,9,,,
397,10481,2021-03-29 09:12:56,2021-03-29T08:12:56.967000Z,SE0000310336,2021-03-29 09:12:56,2021-03-29T08:12:56.967000Z,SEK,XSTO,XSTO,MonetaryAmount,N,12-------PH---,000087558,677.2,54,,,
398,10480,2021-03-29 09:12:56,2021-03-29T08:12:56.967000Z,SE0000310336,2021-03-29 09:12:56,2021-03-29T08:12:56.967000Z,SEK,XSTO,XSTO,MonetaryAmount,N,12-------PH---,000087559,677.2,60,,,
399,10479,2021-03-29 09:12:56,2021-03-29T08:12:56.967000Z,SE0000310336,2021-03-29 09:12:56,2021-03-29T08:12:56.967000Z,SEK,XSTO,XSTO,MonetaryAmount,N,12-------PH---,000087560,677.2,88,,,
400,10478,2021-03-29 09:13:04,2021-03-29T08:13:04.477000Z,SE0000310336,2021-03-29 09:13:04,2021-03-29T08:13:04.477000Z,SEK,XSTO,XSTO,MonetaryAmount,N,12-------PH---,000088108,677.4,2,,,
401,10477,2021-03-29 09:13:04,2021-03-29T08:13:04.477000Z,SE0000310336,2021-03-29 09:13:04,2021-03-29T08:13:04.477000Z,SEK,XSTO,XSTO,MonetaryAmount,N,12-------PH---,000088109,677.4,98,,,
402,10476,2021-03-29 09:13:04,2021-03-29T08:13:04.477000Z,SE0000310336,2021-03-29 09:13:04,2021-03-29T08:13:04.477000Z,SEK,XSTO,XSTO,MonetaryAmount,N,12-------PH---,000088110,677.4,60,,,
403,10475,2021-03-29 09:13:04,2021-03-29T08:13:04.477000Z,SE0000310336,2021-03-29 09:13:04,2021-03-29T08:13:04.477000Z,SEK,XSTO,XSTO,MonetaryAmount,N,12-------PH---,000088111,677.4,78,,,
404,10474,2021-03-29 09:13:04,2021-03-29T08:13:04.477000Z,SE0000310336,2021-03-29 09:13:04,2021-03-29T08:13:04.477000Z,SEK,XSTO,XSTO,MonetaryAmount,N,12-------PH---,000088112,677.4,90,,,
405,10473,2021-03-29 09:13:08,2021-03-29T08:13:08.903000Z,SE0000310336,2021-03-29 09:13:08,2021-03-29T08:13:08.903000Z,SEK,XSTO,XSTO,MonetaryAmount,N,12-------PH---,000088315,677.0,14,,,
406,10472,2021-03-29 09:13:08,2021-03-29T08:13:08.903000Z,SE0000310336,2021-03-29 09:13:08,2021-03-29T08:13:08.903000Z,SEK,XSTO,XSTO,MonetaryAmount,N,12-------PH---,000088316,677.0,76,,,
407,10471,2021-03-29 09:13:08,2021-03-29T08:13:08.903000Z,SE0000310336,2021-03-29 09:13:08,2021-03-29T08:13:08.903000Z,SEK,XSTO,XSTO,MonetaryAmount,N,12-------PH---,000088317,677.0,18,,,
408,10470,2021-03-29 09:13:08,2021-03-29T08:13:08.903000Z,SE0000310336,2021-03-29 09:13:08,2021-03-29T08:13:08.903000Z,SEK,XSTO,XSTO,MonetaryAmount,N,12-------PH---,000088318,677.0,36,,,
409,10469,2021-03-29 09:13:12,2021-03-29T08:13:12.813000Z,SE0000310336,2021-03-29 09:13:12,2021-03-29T08:13:12.813000Z,SEK,XSTO,XSTO,MonetaryAmount,N,12-------PH---,000088509,677.2,31,,,
410,10468,2021-03-29 09:13:12,2021-03-29T08:13:12.813000Z,SE0000310336,2021-03-29 09:13:12,2021-03-29T08:13:12.813000Z,SEK,XSTO,XSTO,MonetaryAmount,N,12-------PH---,000088510,677.2,18,,,
411,10467,2021-03-29 09:13:18,2021-03-29T08:13:18.233000Z,SE0000310336,2021-03-29 09:13:18,2021-03-29T08:13:18.233000Z,SEK,XSTO,XSTO,MonetaryAmount,N,45-3-----PH---,F050109540,677.0,15,,,Standard Routed Trade
412,10466,2021-03-29 09:13:19,2021-03-29T08:13:19.793000Z,SE0000310336,2021-03-29 09:13:19,2021-03-29T08:13:19.793000Z,SEK,XSTO,XSTO,MonetaryAmount,N,12-------PH---,000088875,676.6,7,,,
413,10465,2021-03-29 09:13:40,2021-03-29T08:13:40.807000Z,SE0000310336,2021-03-29 09:13:40,2021-03-29T08:13:40.807000Z,SEK,XSTO,XSTO,MonetaryAmount,N,45-3-----PH---,F050111396,677.2,3,,,Standard Routed Trade
414,10464,2021-03-29 09:13:57,2021-03-29T08:13:57.013000Z,SE0000310336,2021-03-29 09:13:57,2021-03-29T08:13:57.013000Z,SEK,XSTO,XSTO,MonetaryAmount,N,12-------PH---,000091214,677.0,90,,,
415,10463,2021-03-29 09:13:57,2021-03-29T08:13:57.013000Z,SE0000310336,2021-03-29 09:13:57,2021-03-29T08:13:57.013000Z,SEK,XSTO,XSTO,MonetaryAmount,N,12-------PH---,000091215,677.0,10,,,
416,10462,2021-03-29 09:14:02,2021-03-29T08:14:02.837000Z,SE0000310336,2021-03-29 09:14:02,2021-03-29T08:14:02.840000Z,SEK,XSTO,XSTO,MonetaryAmount,N,12-------PH---,000091506,677.4,2,,,
417,10461,2021-03-29 09:14:02,2021-03-29T08:14:02.877000Z,SE0000310336,2021-03-29 09:14:02,2021-03-29T08:14:02.877000Z,SEK,XSTO,XSTO,MonetaryAmount,N,12-------PH---,000091510,677.4,259,,,
418,10460,2021-03-29 09:14:22,2021-03-29T08:14:22.523000Z,SE0000310336,2021-03-29 09:14:22,2021-03-29T08:14:22.523000Z,SEK,XSTO,XSTO,MonetaryAmount,N,12-------PH---,000092549,677.4,82,,,
419,10459,2021-03-29 09:14:37,2021-03-29T08:14:37.437000Z,SE0000310336,2021-03-29 09:14:37,2021-03-29T08:14:37.437000Z,SEK,XSTO,XSTO,MonetaryAmount,N,12-------PH---,000093244,677.4,3,,,
420,10458,2021-03-29 09:14:37,2021-03-29T08:14:37.437000Z,SE0000310336,2021-03-29 09:14:37,2021-03-29T08:14:37.437000Z,SEK,XSTO,XSTO,MonetaryAmount,N,12-------PH---,000093245,677.4,59,,,
421,10457,2021-03-29 09:14:37,2021-03-29T08:14:37.437000Z,SE0000310336,2021-03-29 09:14:37,2021-03-29T08:14:37.437000Z,SEK,XSTO,XSTO,MonetaryAmount,N,12-------PH---,000093246,677.4,2,,,
422,10456,2021-03-29 09:14:37,2021-03-29T08:14:37.437000Z,SE0000310336,2021-03-29 09:14:37,2021-03-29T08:14:37.437000Z,SEK,XSTO,XSTO,MonetaryAmount,N,12-------PH---,000093247,677.4,45,,,
423,10455,2021-03-29 09:14:37,2021-03-29T08:14:37.437000Z,SE0000310336,2021-03-29 09:14:37,2021-03-29T08:14:37.437000Z,SEK,XSTO,XSTO,MonetaryAmount,N,12-------PH---,000093248,677.4,11,,,
424,10454,2021-03-29 09:14:37,2021-03-29T08:14:37.437000Z,SE0000310336,2021-03-29 09:14:37,2021-03-29T08:14:37.437000Z,SEK,XSTO,XSTO,MonetaryAmount,N,12-------PH---,000093249,677.4,57,,,
425,10453,2021-03-29 09:14:37,2021-03-29T08:14:37.437000Z,SE0000310336,2021-03-29 09:14:37,2021-03-29T08:14:37.437000Z,SEK,XSTO,XSTO,MonetaryAmount,N,12-------PH---,000093250,677.4,2,,,
426,10452,2021-03-29 09:14:37,2021-03-29T08:14:37.437000Z,SE0000310336,2021-03-29 09:14:37,2021-03-29T08:14:37.437000Z,SEK,XSTO,XSTO,MonetaryAmount,N,12-------PH---,000093251,677.4,59,,,
427,10451,2021-03-29 09:14:37,2021-03-29T08:14:37.437000Z,SE0000310336,2021-03-29 09:14:37,2021-03-29T08:14:37.437000Z,SEK,XSTO,XSTO,MonetaryAmount,N,12-------PH---,000093252,677.4,35,,,
428,10450,2021-03-29 09:14:37,2021-03-29T08:14:37.437000Z,SE0000310336,2021-03-29 09:14:37,2021-03-29T08:14:37.437000Z,SEK,XSTO,XSTO,MonetaryAmount,N,12-------PH---,000093253,677.4,55,,,
429,10449,2021-03-29 09:14:37,2021-03-29T08:14:37.457000Z,SE0000310336,2021-03-29 09:14:37,2021-03-29T08:14:37.457000Z,SEK,XSTO,XSTO,MonetaryAmount,N,12-------PH---,000093254,677.4,90,,,
430,10448,2021-03-29 09:14:38,2021-03-29T08:14:38.700000Z,SE0000310336,2021-03-29 09:14:38,2021-03-29T08:14:38.700000Z,SEK,XSTO,XSTO,MonetaryAmount,N,12-------PH---,000093307,677.6,1,,,
431,10447,2021-03-29 09:14:39,2021-03-29T08:14:39.787000Z,SE0000310336,2021-03-29 09:14:39,2021-03-29T08:14:39.787000Z,SEK,XSTO,XSTO,MonetaryAmount,N,12-------PH---,000093344,677.6,15,,,
432,10446,2021-03-29 09:14:46,2021-03-29T08:14:46.467000Z,SE0000310336,2021-03-29 09:14:46,2021-03-29T08:14:46.467000Z,SEK,XSTO,XSTO,MonetaryAmount,N,12-------P----,000093674,677.6,34,,,
433,10445,2021-03-29 09:14:52,2021-03-29T08:14:52.023000Z,SE0000310336,2021-03-29 09:14:52,2021-03-29T08:14:52.023000Z,SEK,XSTO,XSTO,MonetaryAmount,N,12-------PH---,000093971,677.4,1,,,
434,10444,2021-03-29 09:15:02,2021-03-29T08:15:02.333000Z,SE0000310336,2021-03-29 09:15:02,2021-03-29T08:15:02.333000Z,SEK,XSTO,XSTO,MonetaryAmount,N,12-------P----,000094562,677.6,28,,,
435,10443,2021-03-29 09:15:04,2021-03-29T08:15:04.303000Z,SE0000310336,2021-03-29 09:15:04,2021-03-29T08:15:04.303000Z,SEK,MSTO,XSTO,MonetaryAmount,N,5U-------PH---,000094683,677.4,160,,,Auction On Demand
436,10442,2021-03-29 09:15:04,2021-03-29T08:15:04.403000Z,SE0000310336,2021-03-29 09:15:04,2021-03-29T08:15:04.403000Z,SEK,XSTO,XSTO,MonetaryAmount,N,12-------PH---,000094688,677.4,1,,,
437,10441,2021-03-29 09:15:04,2021-03-29T08:15:04.403000Z,SE0000310336,2021-03-29 09:15:04,2021-03-29T08:15:04.403000Z,SEK,XSTO,XSTO,MonetaryAmount,N,12-------PH---,000094689,677.4,39,,,
438,10440,2021-03-29 09:15:04,2021-03-29T08:15:04.537000Z,SE0000310336,2021-03-29 09:15:04,2021-03-29T08:15:04.537000Z,SEK,XSTO,XSTO,MonetaryAmount,N,12-------PH---,000094697,677.4,72,,,
439,10439,2021-03-29 09:15:04,2021-03-29T08:15:04.553000Z,SE0000310336,2021-03-29 09:15:04,2021-03-29T08:15:04.553000Z,SEK,XSTO,XSTO,MonetaryAmount,N,12-------PH---,000094698,677.4,48,,,
440,10438,2021-03-29 09:15:04,2021-03-29T08:15:04.800000Z,SE0000310336,2021-03-29 09:15:04,2021-03-29T08:15:04.800000Z,SEK,XSTO,XSTO,MonetaryAmount,N,12-------PH---,000094723,677.4,45,,,
441,10437,2021-03-29 09:15:05,2021-03-29T08:15:05.733000Z,SE0000310336,2021-03-29 09:15:05,2021-03-29T08:15:05.733000Z,SEK,XSTO,XSTO,MonetaryAmount,N,12-------PH---,000094777,677.4,75,,,
442,10436,2021-03-29 09:15:05,2021-03-29T08:15:05.743000Z,SE0000310336,2021-03-29 09:15:05,2021-03-29T08:15:05.743000Z,SEK,XSTO,XSTO,MonetaryAmount,N,12-------PH---,000094778,677.4,93,,,
443,10435,2021-03-29 09:15:11,2021-03-29T08:15:11.367000Z,SE0000310336,2021-03-29 09:15:11,2021-03-29T08:15:11.367000Z,SEK,XSTO,XSTO,MonetaryAmount,N,12-------PH---,000095197,677.6,35,,,
444,10434,2021-03-29 09:15:19,2021-03-29T08:15:19.290000Z,SE0000310336,2021-03-29 09:15:19,2021-03-29T08:15:19.290000Z,SEK,XSTO,XSTO,MonetaryAmount,N,12-------PH---,000095673,677.4,90,,,
445,10433,2021-03-29 09:15:19,2021-03-29T08:15:19.290000Z,SE0000310336,2021-03-29 09:15:19,2021-03-29T08:15:19.290000Z,SEK,XSTO,XSTO,MonetaryAmount,N,12-------PH---,000095674,677.4,35,,,
446,10432,2021-03-29 09:15:19,2021-03-29T08:15:19.290000Z,SE0000310336,2021-03-29 09:15:19,2021-03-29T08:15:19.290000Z,SEK,XSTO,XSTO,MonetaryAmount,N,12-------PH---,000095675,677.4,68,,,
447,10431,2021-03-29 09:15:19,2021-03-29T08:15:19.290000Z,SE0000310336,2021-03-29 09:15:19,2021-03-29T08:15:19.290000Z,SEK,XSTO,XSTO,MonetaryAmount,N,12-------PH---,000095676,677.4,35,,,
448,10430,2021-03-29 09:15:19,2021-03-29T08:15:19.290000Z,SE0000310336,2021-03-29 09:15:19,2021-03-29T08:15:19.290000Z,SEK,XSTO,XSTO,MonetaryAmount,N,12-------PH---,000095687,677.4,42,,,
449,10429,2021-03-29 09:15:19,2021-03-29T08:15:19.290000Z,SE0000310336,2021-03-29 09:15:19,2021-03-29T08:15:19.290000Z,SEK,XSTO,XSTO,MonetaryAmount,N,12-------PH---,000095688,677.4,26,,,
450,10428,2021-03-29 09:15:19,2021-03-29T08:15:19.290000Z,SE0000310336,2021-03-29 09:15:19,2021-03-29T08:15:19.290000Z,SEK,XSTO,XSTO,MonetaryAmount,N,12-------PH---,000095689,677.4,150,,,
451,10427,2021-03-29 09:15:20,2021-03-29T08:15:20.640000Z,SE0000310336,2021-03-29 09:15:20,2021-03-29T08:15:20.640000Z,SEK,XSTO,XSTO,MonetaryAmount,N,12-------P----,000095930,677.6,39,,,
452,10426,2021-03-29 09:15:20,2021-03-29T08:15:20.640000Z,SE0000310336,2021-03-29 09:15:20,2021-03-29T08:15:20.640000Z,SEK,XSTO,XSTO,MonetaryAmount,N,12-------PH---,000095931,677.6,90,,,
453,10425,2021-03-29 09:15:24,2021-03-29T08:15:24.313000Z,SE0000310336,2021-03-29 09:15:24,2021-03-29T08:15:24.313000Z,SEK,XSTO,XSTO,MonetaryAmount,N,12-------PH---,000096185,677.8,100,,,
454,10424,2021-03-29 09:15:24,2021-03-29T08:15:24.313000Z,SE0000310336,2021-03-29 09:15:24,2021-03-29T08:15:24.313000Z,SEK,XSTO,XSTO,MonetaryAmount,N,12-------PH---,000096186,677.8,32,,,
455,10423,2021-03-29 09:15:37,2021-03-29T08:15:37.697000Z,SE0000310336,2021-03-29 09:15:37,2021-03-29T08:15:37.697000Z,SEK,XSTO,XSTO,MonetaryAmount,N,12-------PH---,000096838,677.8,140,,,
456,10422,2021-03-29 09:15:38,2021-03-29T08:15:38.133000Z,SE0000310336,2021-03-29 09:15:38,2021-03-29T08:15:38.133000Z,SEK,XSTO,XSTO,MonetaryAmount,N,12-------PH---,000096879,678.0,1,,,
457,10421,2021-03-29 09:15:49,2021-03-29T08:15:49.163000Z,SE0000310336,2021-03-29 09:15:49,2021-03-29T08:15:49.163000Z,SEK,XSTO,XSTO,MonetaryAmount,N,12-------PH---,000097434,678.0,5,,,
458,10420,2021-03-29 09:15:49,2021-03-29T08:15:49.163000Z,SE0000310336,2021-03-29 09:15:49,2021-03-29T08:15:49.163000Z,SEK,XSTO,XSTO,MonetaryAmount,N,12-------PH---,000097435,678.0,7,,,
459,10419,2021-03-29 09:15:49,2021-03-29T08:15:49.163000Z,SE0000310336,2021-03-29 09:15:49,2021-03-29T08:15:49.163000Z,SEK,XSTO,XSTO,MonetaryAmount,N,12-------PH---,000097436,678.0,50,,,
460,10418,2021-03-29 09:15:49,2021-03-29T08:15:49.163000Z,SE0000310336,2021-03-29 09:15:49,2021-03-29T08:15:49.163000Z,SEK,XSTO,XSTO,MonetaryAmount,N,12-------PH---,000097437,678.0,40,,,
461,10417,2021-03-29 09:15:49,2021-03-29T08:15:49.163000Z,SE0000310336,2021-03-29 09:15:49,2021-03-29T08:15:49.163000Z,SEK,XSTO,XSTO,MonetaryAmount,N,12-------PH---,000097438,678.0,137,,,
462,10416,2021-03-29 09:15:49,2021-03-29T08:15:49.173000Z,SE0000310336,2021-03-29 09:15:49,2021-03-29T08:15:49.173000Z,SEK,XSTO,XSTO,MonetaryAmount,N,45-3-----PH---,F050118937,678.0,11,,,Standard Routed Trade
463,10415,2021-03-29 09:15:56,2021-03-29T08:15:56.950000Z,SE0000310336,2021-03-29 09:15:56,2021-03-29T08:15:56.950000Z,SEK,XSTO,XSTO,MonetaryAmount,N,12-------PH---,000097821,677.8,234,,,
464,10414,2021-03-29 09:15:56,2021-03-29T08:15:56.950000Z,SE0000310336,2021-03-29 09:15:56,2021-03-29T08:15:56.950000Z,SEK,XSTO,XSTO,MonetaryAmount,N,12-------PH---,000097822,677.8,75,,,
465,10413,2021-03-29 09:15:56,2021-03-29T08:15:56.950000Z,SE0000310336,2021-03-29 09:15:56,2021-03-29T08:15:56.950000Z,SEK,XSTO,XSTO,MonetaryAmount,N,12-------PH---,000097823,677.8,81,,,
466,10412,2021-03-29 09:15:56,2021-03-29T08:15:56.953000Z,SE0000310336,2021-03-29 09:15:56,2021-03-29T08:15:56.953000Z,SEK,XSTO,XSTO,MonetaryAmount,N,12-------PH---,000097824,677.6,65,,,
467,10411,2021-03-29 09:15:56,2021-03-29T08:15:56.953000Z,SE0000310336,2021-03-29 09:15:56,2021-03-29T08:15:56.953000Z,SEK,XSTO,XSTO,MonetaryAmount,N,12-------PH---,000097825,677.6,41,,,
468,10410,2021-03-29 09:15:56,2021-03-29T08:15:56.953000Z,SE0000310336,2021-03-29 09:15:56,2021-03-29T08:15:56.953000Z,SEK,XSTO,XSTO,MonetaryAmount,N,12-------PH---,000097826,677.6,8,,,
469,10409,2021-03-29 09:15:56,2021-03-29T08:15:56.973000Z,SE0000310336,2021-03-29 09:15:56,2021-03-29T08:15:56.973000Z,SEK,XSTO,XSTO,MonetaryAmount,N,12-------PH---,000097828,677.6,49,,,
470,10408,2021-03-29 09:16:00,2021-03-29T08:16:00.523000Z,SE0000310336,2021-03-29 09:16:00,2021-03-29T08:16:00.523000Z,SEK,XSTO,XSTO,MonetaryAmount,N,12-------PH---,000097977,677.4,52,,,
471,10407,2021-03-29 09:16:00,2021-03-29T08:16:00.523000Z,SE0000310336,2021-03-29 09:16:00,2021-03-29T08:16:00.523000Z,SEK,XSTO,XSTO,MonetaryAmount,N,12-------PH---,000097978,677.4,48,,,
472,10406,2021-03-29 09:16:00,2021-03-29T08:16:00.523000Z,SE0000310336,2021-03-29 09:16:00,2021-03-29T08:16:00.523000Z,SEK,XSTO,XSTO,MonetaryAmount,N,12-------PH---,000097979,677.4,100,,,
473,10405,2021-03-29 09:16:03,2021-03-29T08:16:03.283000Z,SE0000310336,2021-03-29 09:16:03,2021-03-29T08:16:03.283000Z,SEK,XSTO,XSTO,MonetaryAmount,N,12-------P----,000098179,677.4,71,,,
474,10404,2021-03-29 09:16:03,2021-03-29T08:16:03.847000Z,SE0000310336,2021-03-29 09:16:03,2021-03-29T08:16:03.847000Z,SEK,XSTO,XSTO,MonetaryAmount,N,12-------PH---,000098221,677.6,100,,,
475,10403,2021-03-29 09:16:03,2021-03-29T08:16:03.847000Z,SE0000310336,2021-03-29 09:16:03,2021-03-29T08:16:03.847000Z,SEK,XSTO,XSTO,MonetaryAmount,N,12-------PH---,000098222,677.6,7,,,
476,10402,2021-03-29 09:16:12,2021-03-29T08:16:12.933000Z,SE0000310336,2021-03-29 09:16:12,2021-03-29T08:16:12.933000Z,SEK,XSTO,XSTO,MonetaryAmount,N,12-------PH---,000098678,677.8,2,,,
477,10401,2021-03-29 09:16:12,2021-03-29T08:16:12.933000Z,SE0000310336,2021-03-29 09:16:12,2021-03-29T08:16:12.933000Z,SEK,XSTO,XSTO,MonetaryAmount,N,12-------PH---,000098679,677.8,63,,,
478,10400,2021-03-29 09:16:23,2021-03-29T08:16:23.023000Z,SE0000310336,2021-03-29 09:16:23,2021-03-29T08:16:23.023000Z,SEK,XSTO,XSTO,MonetaryAmount,N,12-------PH---,000099148,677.6,7,,,
479,10399,2021-03-29 09:16:23,2021-03-29T08:16:23.023000Z,SE0000310336,2021-03-29 09:16:23,2021-03-29T08:16:23.023000Z,SEK,XSTO,XSTO,MonetaryAmount,N,12-------PH---,000099149,677.6,18,,,
480,10398,2021-03-29 09:16:23,2021-03-29T08:16:23.023000Z,SE0000310336,2021-03-29 09:16:23,2021-03-29T08:16:23.023000Z,SEK,XSTO,XSTO,MonetaryAmount,N,12-------PH---,000099150,677.6,71,,,
481,10397,2021-03-29 09:16:23,2021-03-29T08:16:23.563000Z,SE0000310336,2021-03-29 09:16:23,2021-03-29T08:16:23.563000Z,SEK,XSTO,XSTO,MonetaryAmount,N,12-------PH---,000099174,677.4,203,,,
482,10396,2021-03-29 09:16:23,2021-03-29T08:16:23.563000Z,SE0000310336,2021-03-29 09:16:23,2021-03-29T08:16:23.563000Z,SEK,XSTO,XSTO,MonetaryAmount,N,12-------PH---,000099175,677.2,47,,,
483,10395,2021-03-29 09:16:35,2021-03-29T08:16:35.030000Z,SE0000310336,2021-03-29 09:16:35,2021-03-29T08:16:35.030000Z,SEK,XSTO,XSTO,MonetaryAmount,N,12-------PH---,000099852,677.2,153,,,
484,10394,2021-03-29 09:16:35,2021-03-29T08:16:35.030000Z,SE0000310336,2021-03-29 09:16:35,2021-03-29T08:16:35.030000Z,SEK,XSTO,XSTO,MonetaryAmount,N,12-------P----,000099853,677.2,20,,,
485,10393,2021-03-29 09:16:35,2021-03-29T08:16:35.030000Z,SE0000310336,2021-03-29 09:16:35,2021-03-29T08:16:35.030000Z,SEK,XSTO,XSTO,MonetaryAmount,N,12-------PH---,000099854,677.2,1,,,
486,10392,2021-03-29 09:16:36,2021-03-29T08:16:36.827000Z,SE0000310336,2021-03-29 09:16:36,2021-03-29T08:16:36.827000Z,SEK,XSTO,XSTO,MonetaryAmount,N,12-------PH---,000099983,677.2,9,,,
487,10391,2021-03-29 09:16:39,2021-03-29T08:16:39.503000Z,SE0000310336,2021-03-29 09:16:39,2021-03-29T08:16:39.503000Z,SEK,XSTO,XSTO,MonetaryAmount,N,12-------P----,000100085,677.4,31,,,
488,10390,2021-03-29 09:16:39,2021-03-29T08:16:39.503000Z,SE0000310336,2021-03-29 09:16:39,2021-03-29T08:16:39.503000Z,SEK,XSTO,XSTO,MonetaryAmount,N,12-------PH---,000100086,677.4,100,,,
489,10389,2021-03-29 09:16:39,2021-03-29T08:16:39.503000Z,SE0000310336,2021-03-29 09:16:39,2021-03-29T08:16:39.503000Z,SEK,XSTO,XSTO,MonetaryAmount,N,12-------P----,000100087,677.4,49,,,
490,10388,2021-03-29 09:16:53,2021-03-29T08:16:53.020000Z,SE0000310336,2021-03-29 09:16:53,2021-03-29T08:16:53.020000Z,SEK,XSTO,XSTO,MonetaryAmount,N,12-------PH---,000100742,677.4,50,,,
491,10387,2021-03-29 09:16:53,2021-03-29T08:16:53.087000Z,SE0000310336,2021-03-29 09:16:53,2021-03-29T08:16:53.087000Z,SEK,XSTO,XSTO,MonetaryAmount,N,12-------PH---,000100808,677.2,2,,,
492,10386,2021-03-29 09:16:53,2021-03-29T08:16:53.087000Z,SE0000310336,2021-03-29 09:16:53,2021-03-29T08:16:53.087000Z,SEK,XSTO,XSTO,MonetaryAmount,N,12-------PH---,000100809,677.2,127,,,
493,10385,2021-03-29 09:16:57,2021-03-29T08:16:57.510000Z,SE0000310336,2021-03-29 09:16:57,2021-03-29T08:16:57.510000Z,SEK,XSTO,XSTO,MonetaryAmount,N,12-------P----,000101105,677.4,60,,,
494,10384,2021-03-29 09:16:57,2021-03-29T08:16:57.510000Z,SE0000310336,2021-03-29 09:16:57,2021-03-29T08:16:57.510000Z,SEK,XSTO,XSTO,MonetaryAmount,N,12-------PH---,000101106,677.4,100,,,
495,10383,2021-03-29 09:17:10,2021-03-29T08:17:10.643000Z,SE0000310336,2021-03-29 09:17:10,2021-03-29T08:17:10.643000Z,SEK,XSTO,XSTO,MonetaryAmount,N,12-------PH---,000101940,677.6,2,,,
496,10382,2021-03-29 09:17:20,2021-03-29T08:17:20.400000Z,SE0000310336,2021-03-29 09:17:20,2021-03-29T08:17:20.400000Z,SEK,XSTO,XSTO,MonetaryAmount,N,12-------PH---,000102562,677.4,2,,,
497,10381,2021-03-29 09:17:41,2021-03-29T08:17:41.687000Z,SE0000310336,2021-03-29 09:17:41,2021-03-29T08:17:41.687000Z,SEK,XSTO,XSTO,MonetaryAmount,N,12-------PH---,000103689,677.8,2,,,
498,10380,2021-03-29 09:17:49,2021-03-29T08:17:49.633000Z,SE0000310336,2021-03-29 09:17:49,2021-03-29T08:17:49.633000Z,SEK,XSTO,XSTO,MonetaryAmount,N,12-------PH---,000104019,677.8,25,,,
499,10379,2021-03-29 09:17:49,2021-03-29T08:17:49.633000Z,SE0000310336,2021-03-29 09:17:49,2021-03-29T08:17:49.633000Z,SEK,XSTO,XSTO,MonetaryAmount,N,12-------PH---,000104020,677.8,3,,,
500,10378,2021-03-29 09:18:00,2021-03-29T08:18:00.507000Z,SE0000310336,2021-03-29 09:18:00,2021-03-29T08:18:00.507000Z,SEK,XSTO,XSTO,MonetaryAmount,N,12-------PH---,000104643,677.8,2,,,
501,10377,2021-03-29 09:18:00,2021-03-29T08:18:00.507000Z,SE0000310336,2021-03-29 09:18:00,2021-03-29T08:18:00.507000Z,SEK,XSTO,XSTO,MonetaryAmount,N,12-------PH---,000104644,677.8,5,,,
502,10376,2021-03-29 09:18:09,2021-03-29T08:18:09.273000Z,SE0000310336,2021-03-29 09:18:09,2021-03-29T08:18:09.273000Z,SEK,XSTO,XSTO,MonetaryAmount,N,12-------PH---,000105124,677.8,14,,,
503,10375,2021-03-29 09:18:13,2021-03-29T08:18:13.073000Z,SE0000310336,2021-03-29 09:18:13,2021-03-29T08:18:13.073000Z,SEK,MSTO,XSTO,MonetaryAmount,N,5U-------PH---,000105280,677.4,160,,,Auction On Demand
504,10374,2021-03-29 09:18:13,2021-03-29T08:18:13.167000Z,SE0000310336,2021-03-29 09:18:13,2021-03-29T08:18:13.167000Z,SEK,XSTO,XSTO,MonetaryAmount,N,12-------PH---,000105284,677.4,50,,,
505,10373,2021-03-29 09:18:13,2021-03-29T08:18:13.167000Z,SE0000310336,2021-03-29 09:18:13,2021-03-29T08:18:13.167000Z,SEK,XSTO,XSTO,MonetaryAmount,N,12-------PH---,000105285,677.4,71,,,
506,10372,2021-03-29 09:18:13,2021-03-29T08:18:13.167000Z,SE0000310336,2021-03-29 09:18:13,2021-03-29T08:18:13.167000Z,SEK,XSTO,XSTO,MonetaryAmount,N,12-------PH---,000105286,677.4,67,,,
507,10371,2021-03-29 09:18:13,2021-03-29T08:18:13.167000Z,SE0000310336,2021-03-29 09:18:13,2021-03-29T08:18:13.167000Z,SEK,XSTO,XSTO,MonetaryAmount,N,12-------PH---,000105287,677.4,94,,,
508,10370,2021-03-29 09:18:13,2021-03-29T08:18:13.167000Z,SE0000310336,2021-03-29 09:18:13,2021-03-29T08:18:13.167000Z,SEK,XSTO,XSTO,MonetaryAmount,N,12-------PH---,000105288,677.4,41,,,
509,10369,2021-03-29 09:18:20,2021-03-29T08:18:20.000000Z,SE0000310336,2021-03-29 09:18:20,2021-03-29T08:18:20.000000Z,SEK,XSTO,XSTO,MonetaryAmount,N,12-------PH---,000105654,677.4,10,,,
510,10368,2021-03-29 09:18:21,2021-03-29T08:18:21.437000Z,SE0000310336,2021-03-29 09:18:21,2021-03-29T08:18:21.437000Z,SEK,XSTO,XSTO,MonetaryAmount,N,12-------PH---,000105732,677.4,1,,,
511,10367,2021-03-29 09:18:21,2021-03-29T08:18:21.437000Z,SE0000310336,2021-03-29 09:18:21,2021-03-29T08:18:21.437000Z,SEK,XSTO,XSTO,MonetaryAmount,N,12-------PH---,000105733,677.4,50,,,
512,10366,2021-03-29 09:18:21,2021-03-29T08:18:21.437000Z,SE0000310336,2021-03-29 09:18:21,2021-03-29T08:18:21.437000Z,SEK,XSTO,XSTO,MonetaryAmount,N,12-------PH---,000105734,677.4,49,,,
513,10365,2021-03-29 09:18:21,2021-03-29T08:18:21.437000Z,SE0000310336,2021-03-29 09:18:21,2021-03-29T08:18:21.437000Z,SEK,XSTO,XSTO,MonetaryAmount,N,12-------PH---,000105735,677.4,35,,,
514,10364,2021-03-29 09:18:21,2021-03-29T08:18:21.437000Z,SE0000310336,2021-03-29 09:18:21,2021-03-29T08:18:21.437000Z,SEK,XSTO,XSTO,MonetaryAmount,N,12-------PH---,000105736,677.4,32,,,
515,10363,2021-03-29 09:18:28,2021-03-29T08:18:28.817000Z,SE0000310336,2021-03-29 09:18:28,2021-03-29T08:18:28.817000Z,SEK,XSTO,XSTO,MonetaryAmount,N,12-------PH---,000106283,677.2,29,,,
516,10362,2021-03-29 09:18:28,2021-03-29T08:18:28.817000Z,SE0000310336,2021-03-29 09:18:28,2021-03-29T08:18:28.817000Z,SEK,XSTO,XSTO,MonetaryAmount,N,12-------PH---,000106284,677.2,90,,,
517,10361,2021-03-29 09:18:28,2021-03-29T08:18:28.817000Z,SE0000310336,2021-03-29 09:18:28,2021-03-29T08:18:28.817000Z,SEK,XSTO,XSTO,MonetaryAmount,N,12-------PH---,000106285,677.2,1,,,
518,10360,2021-03-29 09:18:28,2021-03-29T08:18:28.817000Z,SE0000310336,2021-03-29 09:18:28,2021-03-29T08:18:28.817000Z,SEK,XSTO,XSTO,MonetaryAmount,N,12-------PH---,000106286,677.2,39,,,
519,10359,2021-03-29 09:18:28,2021-03-29T08:18:28.817000Z,SE0000310336,2021-03-29 09:18:28,2021-03-29T08:18:28.817000Z,SEK,XSTO,XSTO,MonetaryAmount,N,12-------PH---,000106287,677.2,89,,,
520,10358,2021-03-29 09:18:28,2021-03-29T08:18:28.817000Z,SE0000310336,2021-03-29 09:18:28,2021-03-29T08:18:28.817000Z,SEK,XSTO,XSTO,MonetaryAmount,N,12-------PH---,000106288,677.2,29,,,
521,10357,2021-03-29 09:18:28,2021-03-29T08:18:28.817000Z,SE0000310336,2021-03-29 09:18:28,2021-03-29T08:18:28.817000Z,SEK,XSTO,XSTO,MonetaryAmount,N,12-------PH---,000106289,677.2,119,,,
522,10356,2021-03-29 09:18:28,2021-03-29T08:18:28.817000Z,SE0000310336,2021-03-29 09:18:28,2021-03-29T08:18:28.817000Z,SEK,XSTO,XSTO,MonetaryAmount,N,12-------PH---,000106290,677.2,21,,,
523,10355,2021-03-29 09:18:28,2021-03-29T08:18:28.833000Z,SE0000310336,2021-03-29 09:18:28,2021-03-29T08:18:28.833000Z,SEK,XSTO,XSTO,MonetaryAmount,N,12-------PH---,000106291,677.2,90,,,
524,10354,2021-03-29 09:18:34,2021-03-29T08:18:34.543000Z,SE0000310336,2021-03-29 09:18:34,2021-03-29T08:18:34.543000Z,SEK,XSTO,XSTO,MonetaryAmount,N,12-------PH---,000106670,677.2,150,,,
525,10353,2021-03-29 09:18:34,2021-03-29T08:18:34.563000Z,SE0000310336,2021-03-29 09:18:34,2021-03-29T08:18:34.563000Z,SEK,XSTO,XSTO,MonetaryAmount,N,12-------P----,000106672,677.2,49,,,
526,10352,2021-03-29 09:18:40,2021-03-29T08:18:40.607000Z,SE0000310336,2021-03-29 09:18:40,2021-03-29T08:18:40.607000Z,SEK,XSTO,XSTO,MonetaryAmount,N,12-------PH---,000107045,677.4,72,,,
527,10351,2021-03-29 09:18:40,2021-03-29T08:18:40.607000Z,SE0000310336,2021-03-29 09:18:40,2021-03-29T08:18:40.607000Z,SEK,XSTO,XSTO,MonetaryAmount,N,12-------PH---,000107046,677.4,36,,,
528,10350,2021-03-29 09:18:40,2021-03-29T08:18:40.607000Z,SE0000310336,2021-03-29 09:18:40,2021-03-29T08:18:40.607000Z,SEK,XSTO,XSTO,MonetaryAmount,N,12-------PH---,000107047,677.4,51,,,
