,index,ExecutionTime,ExecutionTimeUTC,ISIN,PublicationTime,PublicationTimeUTC,CCY,Venueofexecution(MICCode),Venueofpublication(MICCode),Pricenotation,Transactiontobecleared,MMTFlags,TransactionIDCode,Price,Volume,Buyer,Seller,Tradetype
0,5639,2021-03-30 09:00:01,2021-03-30T08:00:01.343000Z,SE0000310336,2021-03-30 09:00:01,2021-03-30T08:00:01.343000Z,SEK,XSTO,XSTO,MonetaryAmount,N,1O-------PH---,000006111,681.0,1,,,
1,5638,2021-03-30 09:00:01,2021-03-30T08:00:01.343000Z,SE0000310336,2021-03-30 09:00:01,2021-03-30T08:00:01.343000Z,SEK,XSTO,XSTO,MonetaryAmount,N,1O-------PH---,000006112,681.0,8,,,
2,5637,2021-03-30 09:00:01,2021-03-30T08:00:01.343000Z,SE0000310336,2021-03-30 09:00:01,2021-03-30T08:00:01.343000Z,SEK,XSTO,XSTO,MonetaryAmount,N,1O-------PH---,000006113,681.0,38,,,
3,5636,2021-03-30 09:00:01,2021-03-30T08:00:01.343000Z,SE0000310336,2021-03-30 09:00:01,2021-03-30T08:00:01.343000Z,SEK,XSTO,XSTO,MonetaryAmount,N,1O-------P----,000006114,681.0,86,,,
4,5635,2021-03-30 09:00:01,2021-03-30T08:00:01.343000Z,SE0000310336,2021-03-30 09:00:01,2021-03-30T08:00:01.343000Z,SEK,XSTO,XSTO,MonetaryAmount,N,1O-------P----,000006115,681.0,10,,,
5,5634,2021-03-30 09:00:01,2021-03-30T08:00:01.343000Z,SE0000310336,2021-03-30 09:00:01,2021-03-30T08:00:01.343000Z,SEK,XSTO,XSTO,MonetaryAmount,N,1O-------P----,000006116,681.0,1,,,
6,5633,2021-03-30 09:00:01,2021-03-30T08:00:01.343000Z,SE0000310336,2021-03-30 09:00:01,2021-03-30T08:00:01.343000Z,SEK,XSTO,XSTO,MonetaryAmount,N,1O-------PH---,000006117,681.0,10,,,
7,5632,2021-03-30 09:00:01,2021-03-30T08:00:01.343000Z,SE0000310336,2021-03-30 09:00:01,2021-03-30T08:00:01.343000Z,SEK,XSTO,XSTO,MonetaryAmount,N,1O-------PH---,000006118,681.0,1,,,
8,5631,2021-03-30 09:00:01,2021-03-30T08:00:01.343000Z,SE0000310336,2021-03-30 09:00:01,2021-03-30T08:00:01.343000Z,SEK,XSTO,XSTO,MonetaryAmount,N,1O-------PH---,000006119,681.0,2,,,
9,5630,2021-03-30 09:00:01,2021-03-30T08:00:01.343000Z,SE0000310336,2021-03-30 09:00:01,2021-03-30T08:00:01.343000Z,SEK,XSTO,XSTO,MonetaryAmount,N,1O-------P----,000006120,681.0,6,,,
10,5629,2021-03-30 09:00:01,2021-03-30T08:00:01.343000Z,SE0000310336,2021-03-30 09:00:01,2021-03-30T08:00:01.343000Z,SEK,XSTO,XSTO,MonetaryAmount,N,1O-------P----,000006121,681.0,24,,,
11,5628,2021-03-30 09:00:01,2021-03-30T08:00:01.343000Z,SE0000310336,2021-03-30 09:00:01,2021-03-30T08:00:01.343000Z,SEK,XSTO,XSTO,MonetaryAmount,N,1O-------PH---,000006122,681.0,25,,,
12,5627,2021-03-30 09:00:01,2021-03-30T08:00:01.343000Z,SE0000310336,2021-03-30 09:00:01,2021-03-30T08:00:01.343000Z,SEK,XSTO,XSTO,MonetaryAmount,N,1O-------PH---,000006123,681.0,4,,,
13,5626,2021-03-30 09:00:01,2021-03-30T08:00:01.343000Z,SE0000310336,2021-03-30 09:00:01,2021-03-30T08:00:01.343000Z,SEK,XSTO,XSTO,MonetaryAmount,N,1O-------PH---,000006124,681.0,1,,,
14,5625,2021-03-30 09:00:01,2021-03-30T08:00:01.343000Z,SE0000310336,2021-03-30 09:00:01,2021-03-30T08:00:01.343000Z,SEK,XSTO,XSTO,MonetaryAmount,N,1O-------PH---,000006125,681.0,93,,,
15,5624,2021-03-30 09:00:01,2021-03-30T08:00:01.343000Z,SE0000310336,2021-03-30 09:00:01,2021-03-30T08:00:01.343000Z,SEK,XSTO,XSTO,MonetaryAmount,N,1O-------PH---,000006126,681.0,22,,,
16,5623,2021-03-30 09:00:01,2021-03-30T08:00:01.343000Z,SE0000310336,2021-03-30 09:00:01,2021-03-30T08:00:01.343000Z,SEK,XSTO,XSTO,MonetaryAmount,N,1O-------PH---,000006127,681.0,20,,,
17,5622,2021-03-30 09:00:01,2021-03-30T08:00:01.343000Z,SE0000310336,2021-03-30 09:00:01,2021-03-30T08:00:01.343000Z,SEK,XSTO,XSTO,MonetaryAmount,N,1O-------PH---,000006128,681.0,83,,,
18,5621,2021-03-30 09:00:01,2021-03-30T08:00:01.343000Z,SE0000310336,2021-03-30 09:00:01,2021-03-30T08:00:01.343000Z,SEK,XSTO,XSTO,MonetaryAmount,N,1O-------PH---,000006129,681.0,30,,,
19,5620,2021-03-30 09:00:01,2021-03-30T08:00:01.343000Z,SE0000310336,2021-03-30 09:00:01,2021-03-30T08:00:01.343000Z,SEK,XSTO,XSTO,MonetaryAmount,N,1O-------PH---,000006130,681.0,68,,,
20,5619,2021-03-30 09:00:01,2021-03-30T08:00:01.343000Z,SE0000310336,2021-03-30 09:00:01,2021-03-30T08:00:01.343000Z,SEK,XSTO,XSTO,MonetaryAmount,N,1O-------PH---,000006131,681.0,14,,,
21,5618,2021-03-30 09:00:01,2021-03-30T08:00:01.343000Z,SE0000310336,2021-03-30 09:00:01,2021-03-30T08:00:01.343000Z,SEK,XSTO,XSTO,MonetaryAmount,N,1O-------PH---,000006132,681.0,60,,,
22,5617,2021-03-30 09:00:01,2021-03-30T08:00:01.343000Z,SE0000310336,2021-03-30 09:00:01,2021-03-30T08:00:01.343000Z,SEK,XSTO,XSTO,MonetaryAmount,N,1O-------PH---,000006133,681.0,4,,,
23,5616,2021-03-30 09:00:01,2021-03-30T08:00:01.343000Z,SE0000310336,2021-03-30 09:00:01,2021-03-30T08:00:01.343000Z,SEK,XSTO,XSTO,MonetaryAmount,N,1O-------PH---,000006134,681.0,136,,,
24,5615,2021-03-30 09:00:01,2021-03-30T08:00:01.343000Z,SE0000310336,2021-03-30 09:00:01,2021-03-30T08:00:01.343000Z,SEK,XSTO,XSTO,MonetaryAmount,N,1O-------PH---,000006135,681.0,12,,,
25,5614,2021-03-30 09:00:01,2021-03-30T08:00:01.343000Z,SE0000310336,2021-03-30 09:00:01,2021-03-30T08:00:01.343000Z,SEK,XSTO,XSTO,MonetaryAmount,N,1O-------PH---,000006136,681.0,22,,,
26,5613,2021-03-30 09:00:01,2021-03-30T08:00:01.343000Z,SE0000310336,2021-03-30 09:00:01,2021-03-30T08:00:01.343000Z,SEK,XSTO,XSTO,MonetaryAmount,N,1O-------PH---,000006137,681.0,16,,,
27,5612,2021-03-30 09:00:01,2021-03-30T08:00:01.343000Z,SE0000310336,2021-03-30 09:00:01,2021-03-30T08:00:01.343000Z,SEK,XSTO,XSTO,MonetaryAmount,N,1O-------PH---,000006138,681.0,8,,,
28,5611,2021-03-30 09:00:01,2021-03-30T08:00:01.343000Z,SE0000310336,2021-03-30 09:00:01,2021-03-30T08:00:01.343000Z,SEK,XSTO,XSTO,MonetaryAmount,N,1O-------PH---,000006139,681.0,4,,,
29,5610,2021-03-30 09:00:01,2021-03-30T08:00:01.343000Z,SE0000310336,2021-03-30 09:00:01,2021-03-30T08:00:01.343000Z,SEK,XSTO,XSTO,MonetaryAmount,N,1O-------PH---,000006140,681.0,3,,,
30,5609,2021-03-30 09:00:01,2021-03-30T08:00:01.343000Z,SE0000310336,2021-03-30 09:00:01,2021-03-30T08:00:01.343000Z,SEK,XSTO,XSTO,MonetaryAmount,N,1O-------PH---,000006141,681.0,18,,,
31,5608,2021-03-30 09:00:01,2021-03-30T08:00:01.343000Z,SE0000310336,2021-03-30 09:00:01,2021-03-30T08:00:01.343000Z,SEK,XSTO,XSTO,MonetaryAmount,N,1O-------PH---,000006142,681.0,32,,,
32,5607,2021-03-30 09:00:01,2021-03-30T08:00:01.343000Z,SE0000310336,2021-03-30 09:00:01,2021-03-30T08:00:01.343000Z,SEK,XSTO,XSTO,MonetaryAmount,N,1O-------PH---,000006143,681.0,29,,,
33,5606,2021-03-30 09:00:01,2021-03-30T08:00:01.343000Z,SE0000310336,2021-03-30 09:00:01,2021-03-30T08:00:01.343000Z,SEK,XSTO,XSTO,MonetaryAmount,N,1O-------PH---,000006144,681.0,3,,,
34,5605,2021-03-30 09:00:01,2021-03-30T08:00:01.343000Z,SE0000310336,2021-03-30 09:00:01,2021-03-30T08:00:01.343000Z,SEK,XSTO,XSTO,MonetaryAmount,N,1O-------PH---,000006145,681.0,60,,,
35,5604,2021-03-30 09:00:01,2021-03-30T08:00:01.343000Z,SE0000310336,2021-03-30 09:00:01,2021-03-30T08:00:01.347000Z,SEK,XSTO,XSTO,MonetaryAmount,N,1O-------PH---,000006146,681.0,1,,,
36,5603,2021-03-30 09:00:01,2021-03-30T08:00:01.343000Z,SE0000310336,2021-03-30 09:00:01,2021-03-30T08:00:01.347000Z,SEK,XSTO,XSTO,MonetaryAmount,N,1O-------PH---,000006147,681.0,2,,,
37,5602,2021-03-30 09:00:01,2021-03-30T08:00:01.343000Z,SE0000310336,2021-03-30 09:00:01,2021-03-30T08:00:01.347000Z,SEK,XSTO,XSTO,MonetaryAmount,N,1O-------PH---,000006148,681.0,20,,,
38,5601,2021-03-30 09:00:01,2021-03-30T08:00:01.343000Z,SE0000310336,2021-03-30 09:00:01,2021-03-30T08:00:01.347000Z,SEK,XSTO,XSTO,MonetaryAmount,N,1O-------PH---,000006149,681.0,32,,,
39,5600,2021-03-30 09:00:01,2021-03-30T08:00:01.343000Z,SE0000310336,2021-03-30 09:00:01,2021-03-30T08:00:01.347000Z,SEK,XSTO,XSTO,MonetaryAmount,N,1O-------PH---,000006150,681.0,1,,,
40,5599,2021-03-30 09:00:01,2021-03-30T08:00:01.343000Z,SE0000310336,2021-03-30 09:00:01,2021-03-30T08:00:01.347000Z,SEK,XSTO,XSTO,MonetaryAmount,N,1O-------PH---,000006151,681.0,4,,,
41,5598,2021-03-30 09:00:01,2021-03-30T08:00:01.343000Z,SE0000310336,2021-03-30 09:00:01,2021-03-30T08:00:01.347000Z,SEK,XSTO,XSTO,MonetaryAmount,N,1O-------PH---,000006152,681.0,1,,,
42,5597,2021-03-30 09:00:01,2021-03-30T08:00:01.343000Z,SE0000310336,2021-03-30 09:00:01,2021-03-30T08:00:01.347000Z,SEK,XSTO,XSTO,MonetaryAmount,N,1O-------PH---,000006153,681.0,2,,,
43,5596,2021-03-30 09:00:01,2021-03-30T08:00:01.343000Z,SE0000310336,2021-03-30 09:00:01,2021-03-30T08:00:01.347000Z,SEK,XSTO,XSTO,MonetaryAmount,N,1O-------PH---,000006154,681.0,5,,,
44,5595,2021-03-30 09:00:01,2021-03-30T08:00:01.343000Z,SE0000310336,2021-03-30 09:00:01,2021-03-30T08:00:01.347000Z,SEK,XSTO,XSTO,MonetaryAmount,N,1O-------PH---,000006155,681.0,95,,,
45,5594,2021-03-30 09:00:01,2021-03-30T08:00:01.343000Z,SE0000310336,2021-03-30 09:00:01,2021-03-30T08:00:01.347000Z,SEK,XSTO,XSTO,MonetaryAmount,N,1O-------PH---,000006156,681.0,1,,,
46,5593,2021-03-30 09:00:01,2021-03-30T08:00:01.343000Z,SE0000310336,2021-03-30 09:00:01,2021-03-30T08:00:01.347000Z,SEK,XSTO,XSTO,MonetaryAmount,N,1O-------PH---,000006157,681.0,5,,,
47,5592,2021-03-30 09:00:01,2021-03-30T08:00:01.343000Z,SE0000310336,2021-03-30 09:00:01,2021-03-30T08:00:01.347000Z,SEK,XSTO,XSTO,MonetaryAmount,N,1O-------PH---,000006158,681.0,2,,,
48,5591,2021-03-30 09:00:01,2021-03-30T08:00:01.343000Z,SE0000310336,2021-03-30 09:00:01,2021-03-30T08:00:01.347000Z,SEK,XSTO,XSTO,MonetaryAmount,N,1O-------PH---,000006159,681.0,3,,,
49,5590,2021-03-30 09:00:01,2021-03-30T08:00:01.343000Z,SE0000310336,2021-03-30 09:00:01,2021-03-30T08:00:01.347000Z,SEK,XSTO,XSTO,MonetaryAmount,N,1O-------PH---,000006160,681.0,2,,,
50,5589,2021-03-30 09:00:01,2021-03-30T08:00:01.343000Z,SE0000310336,2021-03-30 09:00:01,2021-03-30T08:00:01.347000Z,SEK,XSTO,XSTO,MonetaryAmount,N,1O-------PH---,000006161,681.0,11,,,
51,5588,2021-03-30 09:00:01,2021-03-30T08:00:01.343000Z,SE0000310336,2021-03-30 09:00:01,2021-03-30T08:00:01.347000Z,SEK,XSTO,XSTO,MonetaryAmount,N,1O-------PH---,000006162,681.0,21,,,
52,5587,2021-03-30 09:00:01,2021-03-30T08:00:01.343000Z,SE0000310336,2021-03-30 09:00:01,2021-03-30T08:00:01.347000Z,SEK,XSTO,XSTO,MonetaryAmount,N,1O-------PH---,000006163,681.0,40,,,
53,5586,2021-03-30 09:00:01,2021-03-30T08:00:01.343000Z,SE0000310336,2021-03-30 09:00:01,2021-03-30T08:00:01.347000Z,SEK,XSTO,XSTO,MonetaryAmount,N,1O-------PH---,000006164,681.0,3,,,
54,5585,2021-03-30 09:00:01,2021-03-30T08:00:01.343000Z,SE0000310336,2021-03-30 09:00:01,2021-03-30T08:00:01.347000Z,SEK,XSTO,XSTO,MonetaryAmount,N,1O-------PH---,000006165,681.0,13,,,
55,5584,2021-03-30 09:00:01,2021-03-30T08:00:01.343000Z,SE0000310336,2021-03-30 09:00:01,2021-03-30T08:00:01.347000Z,SEK,XSTO,XSTO,MonetaryAmount,N,1O-------PH---,000006166,681.0,29,,,
56,5583,2021-03-30 09:00:01,2021-03-30T08:00:01.343000Z,SE0000310336,2021-03-30 09:00:01,2021-03-30T08:00:01.347000Z,SEK,XSTO,XSTO,MonetaryAmount,N,1O-------PH---,000006167,681.0,5,,,
57,5582,2021-03-30 09:00:01,2021-03-30T08:00:01.343000Z,SE0000310336,2021-03-30 09:00:01,2021-03-30T08:00:01.347000Z,SEK,XSTO,XSTO,MonetaryAmount,N,1O-------PH---,000006168,681.0,20,,,
58,5581,2021-03-30 09:00:01,2021-03-30T08:00:01.343000Z,SE0000310336,2021-03-30 09:00:01,2021-03-30T08:00:01.347000Z,SEK,XSTO,XSTO,MonetaryAmount,N,1O-------PH---,000006169,681.0,55,,,
59,5580,2021-03-30 09:00:01,2021-03-30T08:00:01.343000Z,SE0000310336,2021-03-30 09:00:01,2021-03-30T08:00:01.347000Z,SEK,XSTO,XSTO,MonetaryAmount,N,1O-------PH---,000006170,681.0,44,,,
60,5579,2021-03-30 09:00:01,2021-03-30T08:00:01.343000Z,SE0000310336,2021-03-30 09:00:01,2021-03-30T08:00:01.347000Z,SEK,XSTO,XSTO,MonetaryAmount,N,1O-------PH---,000006171,681.0,66,,,
61,5578,2021-03-30 09:00:01,2021-03-30T08:00:01.343000Z,SE0000310336,2021-03-30 09:00:01,2021-03-30T08:00:01.347000Z,SEK,XSTO,XSTO,MonetaryAmount,N,1O-------PH---,000006172,681.0,5,,,
62,5577,2021-03-30 09:00:01,2021-03-30T08:00:01.343000Z,SE0000310336,2021-03-30 09:00:01,2021-03-30T08:00:01.347000Z,SEK,XSTO,XSTO,MonetaryAmount,N,1O-------PH---,000006173,681.0,1,,,
63,5576,2021-03-30 09:00:01,2021-03-30T08:00:01.343000Z,SE0000310336,2021-03-30 09:00:01,2021-03-30T08:00:01.347000Z,SEK,XSTO,XSTO,MonetaryAmount,N,1O-------PH---,000006174,681.0,1,,,
64,5575,2021-03-30 09:00:01,2021-03-30T08:00:01.343000Z,SE0000310336,2021-03-30 09:00:01,2021-03-30T08:00:01.347000Z,SEK,XSTO,XSTO,MonetaryAmount,N,1O-------PH---,000006175,681.0,30,,,
65,5574,2021-03-30 09:00:01,2021-03-30T08:00:01.343000Z,SE0000310336,2021-03-30 09:00:01,2021-03-30T08:00:01.347000Z,SEK,XSTO,XSTO,MonetaryAmount,N,1O-------PH---,000006176,681.0,1,,,
66,5573,2021-03-30 09:00:01,2021-03-30T08:00:01.343000Z,SE0000310336,2021-03-30 09:00:01,2021-03-30T08:00:01.347000Z,SEK,XSTO,XSTO,MonetaryAmount,N,1O-------PH---,000006177,681.0,4,,,
67,5572,2021-03-30 09:00:01,2021-03-30T08:00:01.343000Z,SE0000310336,2021-03-30 09:00:01,2021-03-30T08:00:01.347000Z,SEK,XSTO,XSTO,MonetaryAmount,N,1O-------PH---,000006178,681.0,8,,,
68,5571,2021-03-30 09:00:01,2021-03-30T08:00:01.837000Z,SE0000310336,2021-03-30 09:00:01,2021-03-30T08:00:01.837000Z,SEK,XSTO,XSTO,MonetaryAmount,N,12-------PH---,000008291,680.2,21,,,
69,5570,2021-03-30 09:00:01,2021-03-30T08:00:01.837000Z,SE0000310336,2021-03-30 09:00:01,2021-03-30T08:00:01.837000Z,SEK,XSTO,XSTO,MonetaryAmount,N,12-------PH---,000008292,680.2,1,,,
70,5569,2021-03-30 09:00:04,2021-03-30T08:00:04.550000Z,SE0000310336,2021-03-30 09:00:04,2021-03-30T08:00:04.550000Z,SEK,XSTO,XSTO,MonetaryAmount,N,12-------PH---,000018710,680.8,90,,,
71,5568,2021-03-30 09:00:04,2021-03-30T08:00:04.550000Z,SE0000310336,2021-03-30 09:00:04,2021-03-30T08:00:04.550000Z,SEK,XSTO,XSTO,MonetaryAmount,N,12-------PH---,000018711,680.8,117,,,
72,5567,2021-03-30 09:00:04,2021-03-30T08:00:04.550000Z,SE0000310336,2021-03-30 09:00:04,2021-03-30T08:00:04.550000Z,SEK,XSTO,XSTO,MonetaryAmount,N,12-------PH---,000018712,680.8,53,,,
73,5566,2021-03-30 09:00:05,2021-03-30T08:00:05.697000Z,SE0000310336,2021-03-30 09:00:05,2021-03-30T08:00:05.697000Z,SEK,XSTO,XSTO,MonetaryAmount,N,12-------PH---,000020860,680.8,9,,,
74,5565,2021-03-30 09:00:06,2021-03-30T08:00:06.130000Z,SE0000310336,2021-03-30 09:00:06,2021-03-30T08:00:06.130000Z,SEK,MSTO,XSTO,MonetaryAmount,N,5U-------PH---,000020911,680.7,23,,,Auction On Demand
75,5564,2021-03-30 09:00:06,2021-03-30T08:00:06.463000Z,SE0000310336,2021-03-30 09:00:06,2021-03-30T08:00:06.463000Z,SEK,XSTO,XSTO,MonetaryAmount,N,12-------PH---,000021069,681.0,1,,,
76,5563,2021-03-30 09:00:06,2021-03-30T08:00:06.463000Z,SE0000310336,2021-03-30 09:00:06,2021-03-30T08:00:06.463000Z,SEK,XSTO,XSTO,MonetaryAmount,N,12-------PH---,000021070,681.0,10,,,
77,5562,2021-03-30 09:00:06,2021-03-30T08:00:06.463000Z,SE0000310336,2021-03-30 09:00:06,2021-03-30T08:00:06.463000Z,SEK,XSTO,XSTO,MonetaryAmount,N,12-------PH---,000021071,681.0,15,,,
78,5561,2021-03-30 09:00:06,2021-03-30T08:00:06.483000Z,SE0000310336,2021-03-30 09:00:06,2021-03-30T08:00:06.483000Z,SEK,XSTO,XSTO,MonetaryAmount,N,12-------PH---,000021077,681.0,28,,,
79,5560,2021-03-30 09:00:14,2021-03-30T08:00:14.517000Z,SE0000310336,2021-03-30 09:00:14,2021-03-30T08:00:14.517000Z,SEK,XSTO,XSTO,MonetaryAmount,N,12-------PH---,000022093,680.8,1,,,
80,5559,2021-03-30 09:00:22,2021-03-30T08:00:22.427000Z,SE0000310336,2021-03-30 09:00:22,2021-03-30T08:00:22.427000Z,SEK,XSTO,XSTO,MonetaryAmount,N,12-------PH---,000023061,680.6,20,,,
81,5558,2021-03-30 09:00:26,2021-03-30T08:00:26.200000Z,SE0000310336,2021-03-30 09:00:26,2021-03-30T08:00:26.200000Z,SEK,XSTO,XSTO,MonetaryAmount,N,12-------PH---,000023572,681.2,3,,,
82,5557,2021-03-30 09:00:26,2021-03-30T08:00:26.603000Z,SE0000310336,2021-03-30 09:00:26,2021-03-30T08:00:26.603000Z,SEK,XSTO,XSTO,MonetaryAmount,N,12-------PH---,000023624,680.6,28,,,
83,5556,2021-03-30 09:00:26,2021-03-30T08:00:26.603000Z,SE0000310336,2021-03-30 09:00:26,2021-03-30T08:00:26.603000Z,SEK,XSTO,XSTO,MonetaryAmount,N,12-------PH---,000023625,680.8,90,,,
84,5555,2021-03-30 09:00:29,2021-03-30T08:00:29.357000Z,SE0000310336,2021-03-30 09:00:29,2021-03-30T08:00:29.357000Z,SEK,XSTO,XSTO,MonetaryAmount,N,12-------PH---,000023968,681.2,100,,,
85,5554,2021-03-30 09:00:29,2021-03-30T08:00:29.357000Z,SE0000310336,2021-03-30 09:00:29,2021-03-30T08:00:29.357000Z,SEK,XSTO,XSTO,MonetaryAmount,N,12-------PH---,000023969,681.2,57,,,
86,5553,2021-03-30 09:00:30,2021-03-30T08:00:30.043000Z,SE0000310336,2021-03-30 09:00:30,2021-03-30T08:00:30.047000Z,SEK,XSTO,XSTO,MonetaryAmount,N,12-------PH---,000024142,681.4,26,,,
87,5552,2021-03-30 09:00:36,2021-03-30T08:00:36.363000Z,SE0000310336,2021-03-30 09:00:36,2021-03-30T08:00:36.363000Z,SEK,XSTO,XSTO,MonetaryAmount,N,12-------PH---,000024871,681.4,23,,,
88,5551,2021-03-30 09:00:36,2021-03-30T08:00:36.363000Z,SE0000310336,2021-03-30 09:00:36,2021-03-30T08:00:36.363000Z,SEK,XSTO,XSTO,MonetaryAmount,N,12-------PH---,000024872,681.4,23,,,
89,5550,2021-03-30 09:00:36,2021-03-30T08:00:36.380000Z,SE0000310336,2021-03-30 09:00:36,2021-03-30T08:00:36.380000Z,SEK,XSTO,XSTO,MonetaryAmount,N,12-------PH---,000024873,681.2,54,,,
90,5549,2021-03-30 09:00:36,2021-03-30T08:00:36.380000Z,SE0000310336,2021-03-30 09:00:36,2021-03-30T08:00:36.380000Z,SEK,XSTO,XSTO,MonetaryAmount,N,12-------PH---,000024874,681.2,44,,,
91,5548,2021-03-30 09:00:36,2021-03-30T08:00:36.470000Z,SE0000310336,2021-03-30 09:00:36,2021-03-30T08:00:36.470000Z,SEK,XSTO,XSTO,MonetaryAmount,N,12-------PH---,000024880,681.0,18,,,
92,5547,2021-03-30 09:00:36,2021-03-30T08:00:36.470000Z,SE0000310336,2021-03-30 09:00:36,2021-03-30T08:00:36.470000Z,SEK,XSTO,XSTO,MonetaryAmount,N,12-------PH---,000024881,681.0,35,,,
93,5546,2021-03-30 09:00:38,2021-03-30T08:00:38.263000Z,SE0000310336,2021-03-30 09:00:38,2021-03-30T08:00:38.263000Z,SEK,XSTO,XSTO,MonetaryAmount,N,12-------PH---,000025201,680.6,106,,,
94,5545,2021-03-30 09:00:38,2021-03-30T08:00:38.897000Z,SE0000310336,2021-03-30 09:00:38,2021-03-30T08:00:38.897000Z,SEK,XSTO,XSTO,MonetaryAmount,N,12-------PH---,000025336,680.4,13,,,
95,5544,2021-03-30 09:00:38,2021-03-30T08:00:38.897000Z,SE0000310336,2021-03-30 09:00:38,2021-03-30T08:00:38.897000Z,SEK,XSTO,XSTO,MonetaryAmount,N,12-------PH---,000025337,680.4,100,,,
96,5543,2021-03-30 09:00:39,2021-03-30T08:00:39.497000Z,SE0000310336,2021-03-30 09:00:39,2021-03-30T08:00:39.497000Z,SEK,XSTO,XSTO,MonetaryAmount,N,12-------PH---,000025412,680.2,18,,,
97,5542,2021-03-30 09:00:39,2021-03-30T08:00:39.497000Z,SE0000310336,2021-03-30 09:00:39,2021-03-30T08:00:39.497000Z,SEK,XSTO,XSTO,MonetaryAmount,N,12-------PH---,000025413,680.2,2,,,
98,5541,2021-03-30 09:00:43,2021-03-30T08:00:43.523000Z,SE0000310336,2021-03-30 09:00:43,2021-03-30T08:00:43.523000Z,SEK,XSTO,XSTO,MonetaryAmount,N,12-------PH---,000025691,680.0,4,,,
99,5540,2021-03-30 09:01:00,2021-03-30T08:01:00.517000Z,SE0000310336,2021-03-30 09:01:00,2021-03-30T08:01:00.517000Z,SEK,XSTO,XSTO,MonetaryAmount,N,12-------P----,000027795,680.4,31,,,
100,5539,2021-03-30 09:01:15,2021-03-30T08:01:15.830000Z,SE0000310336,2021-03-30 09:01:15,2021-03-30T08:01:15.830000Z,SEK,XSTO,XSTO,MonetaryAmount,N,12-------PH---,000029165,680.2,29,,,
101,5538,2021-03-30 09:01:16,2021-03-30T08:01:16.313000Z,SE0000310336,2021-03-30 09:01:16,2021-03-30T08:01:16.313000Z,SEK,XSTO,XSTO,MonetaryAmount,N,12-------PH---,000029199,680.0,105,,,
102,5537,2021-03-30 09:01:23,2021-03-30T08:01:23.170000Z,SE0000310336,2021-03-30 09:01:23,2021-03-30T08:01:23.170000Z,SEK,XSTO,XSTO,MonetaryAmount,N,12-------PH---,000029763,680.0,90,,,
103,5536,2021-03-30 09:01:23,2021-03-30T08:01:23.323000Z,SE0000310336,2021-03-30 09:01:23,2021-03-30T08:01:23.323000Z,SEK,XSTO,XSTO,MonetaryAmount,N,12-------PH---,000029773,680.0,110,,,
104,5535,2021-03-30 09:01:26,2021-03-30T08:01:26.573000Z,SE0000310336,2021-03-30 09:01:26,2021-03-30T08:01:26.573000Z,SEK,XSTO,XSTO,MonetaryAmount,N,12-------PH---,000030040,680.2,60,,,
105,5534,2021-03-30 09:01:26,2021-03-30T08:01:26.573000Z,SE0000310336,2021-03-30 09:01:26,2021-03-30T08:01:26.573000Z,SEK,XSTO,XSTO,MonetaryAmount,N,12-------PH---,000030041,680.2,40,,,
106,5533,2021-03-30 09:01:26,2021-03-30T08:01:26.647000Z,SE0000310336,2021-03-30 09:01:26,2021-03-30T08:01:26.647000Z,SEK,XSTO,XSTO,MonetaryAmount,N,12-------PH---,000030044,680.0,2,,,
107,5532,2021-03-30 09:01:26,2021-03-30T08:01:26.647000Z,SE0000310336,2021-03-30 09:01:26,2021-03-30T08:01:26.647000Z,SEK,XSTO,XSTO,MonetaryAmount,N,12-------PH---,000030045,680.0,88,,,
108,5531,2021-03-30 09:01:26,2021-03-30T08:01:26.647000Z,SE0000310336,2021-03-30 09:01:26,2021-03-30T08:01:26.647000Z,SEK,XSTO,XSTO,MonetaryAmount,N,12-------PH---,000030046,680.0,109,,,
109,5530,2021-03-30 09:01:26,2021-03-30T08:01:26.893000Z,SE0000310336,2021-03-30 09:01:26,2021-03-30T08:01:26.897000Z,SEK,XSTO,XSTO,MonetaryAmount,N,12-------PH---,000030074,680.2,100,,,
110,5529,2021-03-30 09:01:30,2021-03-30T08:01:30.440000Z,SE0000310336,2021-03-30 09:01:30,2021-03-30T08:01:30.440000Z,SEK,XSTO,XSTO,MonetaryAmount,N,12-------PH---,000030452,680.2,4,,,
111,5528,2021-03-30 09:01:30,2021-03-30T08:01:30.440000Z,SE0000310336,2021-03-30 09:01:30,2021-03-30T08:01:30.440000Z,SEK,XSTO,XSTO,MonetaryAmount,N,12-------PH---,000030453,680.2,112,,,
112,5527,2021-03-30 09:01:46,2021-03-30T08:01:46.117000Z,SE0000310336,2021-03-30 09:01:46,2021-03-30T08:01:46.117000Z,SEK,XSTO,XSTO,MonetaryAmount,N,12-------PH---,000032000,680.0,1,,,
113,5526,2021-03-30 09:01:46,2021-03-30T08:01:46.117000Z,SE0000310336,2021-03-30 09:01:46,2021-03-30T08:01:46.117000Z,SEK,XSTO,XSTO,MonetaryAmount,N,12-------PH---,000032001,680.0,34,,,
114,5525,2021-03-30 09:01:46,2021-03-30T08:01:46.117000Z,SE0000310336,2021-03-30 09:01:46,2021-03-30T08:01:46.117000Z,SEK,XSTO,XSTO,MonetaryAmount,N,12-------PH---,000032002,680.0,44,,,
115,5524,2021-03-30 09:01:53,2021-03-30T08:01:53.477000Z,SE0000310336,2021-03-30 09:01:53,2021-03-30T08:01:53.477000Z,SEK,XSTO,XSTO,MonetaryAmount,N,12-------PH---,000032762,679.8,3,,,
116,5523,2021-03-30 09:01:53,2021-03-30T08:01:53.517000Z,SE0000310336,2021-03-30 09:01:53,2021-03-30T08:01:53.517000Z,SEK,XSTO,XSTO,MonetaryAmount,N,12-------PH---,000032769,679.4,46,,,
117,5522,2021-03-30 09:02:00,2021-03-30T08:02:00.667000Z,SE0000310336,2021-03-30 09:02:00,2021-03-30T08:02:00.667000Z,SEK,XSTO,XSTO,MonetaryAmount,N,12-------PH---,000033448,679.4,90,,,
118,5521,2021-03-30 09:02:00,2021-03-30T08:02:00.667000Z,SE0000310336,2021-03-30 09:02:00,2021-03-30T08:02:00.667000Z,SEK,XSTO,XSTO,MonetaryAmount,N,12-------PH---,000033449,679.4,90,,,
119,5520,2021-03-30 09:02:00,2021-03-30T08:02:00.667000Z,SE0000310336,2021-03-30 09:02:00,2021-03-30T08:02:00.667000Z,SEK,XSTO,XSTO,MonetaryAmount,N,12-------PH---,000033450,679.4,132,,,
120,5519,2021-03-30 09:02:00,2021-03-30T08:02:00.667000Z,SE0000310336,2021-03-30 09:02:00,2021-03-30T08:02:00.667000Z,SEK,XSTO,XSTO,MonetaryAmount,N,12-------PH---,000033451,679.4,28,,,
121,5518,2021-03-30 09:02:00,2021-03-30T08:02:00.817000Z,SE0000310336,2021-03-30 09:02:00,2021-03-30T08:02:00.817000Z,SEK,XSTO,XSTO,MonetaryAmount,N,12-------PH---,000033498,679.2,68,,,
122,5517,2021-03-30 09:02:00,2021-03-30T08:02:00.817000Z,SE0000310336,2021-03-30 09:02:00,2021-03-30T08:02:00.817000Z,SEK,XSTO,XSTO,MonetaryAmount,N,12-------PH---,000033499,679.2,22,,,
123,5516,2021-03-30 09:02:09,2021-03-30T08:02:09.187000Z,SE0000310336,2021-03-30 09:02:09,2021-03-30T08:02:09.187000Z,SEK,XSTO,XSTO,MonetaryAmount,N,12-------PH---,000034823,679.0,1,,,
124,5515,2021-03-30 09:02:09,2021-03-30T08:02:09.187000Z,SE0000310336,2021-03-30 09:02:09,2021-03-30T08:02:09.187000Z,SEK,XSTO,XSTO,MonetaryAmount,N,12-------PH---,000034824,679.0,60,,,
125,5514,2021-03-30 09:02:09,2021-03-30T08:02:09.187000Z,SE0000310336,2021-03-30 09:02:09,2021-03-30T08:02:09.187000Z,SEK,XSTO,XSTO,MonetaryAmount,N,12-------PH---,000034825,679.0,38,,,
126,5513,2021-03-30 09:02:09,2021-03-30T08:02:09.187000Z,SE0000310336,2021-03-30 09:02:09,2021-03-30T08:02:09.187000Z,SEK,XSTO,XSTO,MonetaryAmount,N,12-------PH---,000034826,679.0,275,,,
127,5512,2021-03-30 09:02:09,2021-03-30T08:02:09.187000Z,SE0000310336,2021-03-30 09:02:09,2021-03-30T08:02:09.187000Z,SEK,XSTO,XSTO,MonetaryAmount,N,12-------PH---,000034827,679.0,85,,,
128,5511,2021-03-30 09:02:09,2021-03-30T08:02:09.187000Z,SE0000310336,2021-03-30 09:02:09,2021-03-30T08:02:09.187000Z,SEK,XSTO,XSTO,MonetaryAmount,N,12-------PH---,000034828,679.0,152,,,
129,5510,2021-03-30 09:02:09,2021-03-30T08:02:09.187000Z,SE0000310336,2021-03-30 09:02:09,2021-03-30T08:02:09.187000Z,SEK,XSTO,XSTO,MonetaryAmount,N,12-------PH---,000034829,679.0,1,,,
130,5509,2021-03-30 09:02:09,2021-03-30T08:02:09.187000Z,SE0000310336,2021-03-30 09:02:09,2021-03-30T08:02:09.187000Z,SEK,XSTO,XSTO,MonetaryAmount,N,12-------PH---,000034830,678.8,1,,,
131,5508,2021-03-30 09:02:09,2021-03-30T08:02:09.187000Z,SE0000310336,2021-03-30 09:02:09,2021-03-30T08:02:09.187000Z,SEK,XSTO,XSTO,MonetaryAmount,N,12-------PH---,000034831,678.8,2,,,
132,5507,2021-03-30 09:02:09,2021-03-30T08:02:09.187000Z,SE0000310336,2021-03-30 09:02:09,2021-03-30T08:02:09.187000Z,SEK,XSTO,XSTO,MonetaryAmount,N,12-------PH---,000034832,678.8,1,,,
133,5506,2021-03-30 09:02:09,2021-03-30T08:02:09.187000Z,SE0000310336,2021-03-30 09:02:09,2021-03-30T08:02:09.187000Z,SEK,XSTO,XSTO,MonetaryAmount,N,12-------PH---,000034833,678.8,2,,,
134,5505,2021-03-30 09:02:09,2021-03-30T08:02:09.187000Z,SE0000310336,2021-03-30 09:02:09,2021-03-30T08:02:09.187000Z,SEK,XSTO,XSTO,MonetaryAmount,N,12-------PH---,000034834,678.8,23,,,
135,5504,2021-03-30 09:02:09,2021-03-30T08:02:09.187000Z,SE0000310336,2021-03-30 09:02:09,2021-03-30T08:02:09.187000Z,SEK,XSTO,XSTO,MonetaryAmount,N,12-------PH---,000034835,678.8,5,,,
136,5503,2021-03-30 09:02:09,2021-03-30T08:02:09.187000Z,SE0000310336,2021-03-30 09:02:09,2021-03-30T08:02:09.187000Z,SEK,XSTO,XSTO,MonetaryAmount,N,12-------PH---,000034836,678.8,7,,,
137,5502,2021-03-30 09:02:09,2021-03-30T08:02:09.187000Z,SE0000310336,2021-03-30 09:02:09,2021-03-30T08:02:09.187000Z,SEK,XSTO,XSTO,MonetaryAmount,N,12-------PH---,000034837,678.8,1,,,
138,5501,2021-03-30 09:02:09,2021-03-30T08:02:09.187000Z,SE0000310336,2021-03-30 09:02:09,2021-03-30T08:02:09.187000Z,SEK,XSTO,XSTO,MonetaryAmount,N,12-------PH---,000034838,678.8,4,,,
139,5500,2021-03-30 09:02:09,2021-03-30T08:02:09.187000Z,SE0000310336,2021-03-30 09:02:09,2021-03-30T08:02:09.187000Z,SEK,XSTO,XSTO,MonetaryAmount,N,12-------PH---,000034839,678.8,8,,,
140,5499,2021-03-30 09:02:09,2021-03-30T08:02:09.187000Z,SE0000310336,2021-03-30 09:02:09,2021-03-30T08:02:09.187000Z,SEK,XSTO,XSTO,MonetaryAmount,N,12-------PH---,000034840,678.8,2,,,
141,5498,2021-03-30 09:02:09,2021-03-30T08:02:09.187000Z,SE0000310336,2021-03-30 09:02:09,2021-03-30T08:02:09.187000Z,SEK,XSTO,XSTO,MonetaryAmount,N,12-------PH---,000034841,678.8,2,,,
142,5497,2021-03-30 09:02:09,2021-03-30T08:02:09.187000Z,SE0000310336,2021-03-30 09:02:09,2021-03-30T08:02:09.187000Z,SEK,XSTO,XSTO,MonetaryAmount,N,12-------PH---,000034842,678.8,1,,,
143,5496,2021-03-30 09:02:09,2021-03-30T08:02:09.187000Z,SE0000310336,2021-03-30 09:02:09,2021-03-30T08:02:09.187000Z,SEK,XSTO,XSTO,MonetaryAmount,N,12-------PH---,000034843,678.8,1,,,
144,5495,2021-03-30 09:02:09,2021-03-30T08:02:09.187000Z,SE0000310336,2021-03-30 09:02:09,2021-03-30T08:02:09.187000Z,SEK,XSTO,XSTO,MonetaryAmount,N,12-------PH---,000034844,678.8,4,,,
145,5494,2021-03-30 09:02:09,2021-03-30T08:02:09.187000Z,SE0000310336,2021-03-30 09:02:09,2021-03-30T08:02:09.187000Z,SEK,XSTO,XSTO,MonetaryAmount,N,12-------PH---,000034845,678.8,1,,,
146,5493,2021-03-30 09:02:09,2021-03-30T08:02:09.187000Z,SE0000310336,2021-03-30 09:02:09,2021-03-30T08:02:09.187000Z,SEK,XSTO,XSTO,MonetaryAmount,N,12-------PH---,000034846,678.8,1,,,
147,5492,2021-03-30 09:02:09,2021-03-30T08:02:09.187000Z,SE0000310336,2021-03-30 09:02:09,2021-03-30T08:02:09.187000Z,SEK,XSTO,XSTO,MonetaryAmount,N,12-------PH---,000034847,678.8,3,,,
148,5491,2021-03-30 09:02:09,2021-03-30T08:02:09.187000Z,SE0000310336,2021-03-30 09:02:09,2021-03-30T08:02:09.187000Z,SEK,XSTO,XSTO,MonetaryAmount,N,12-------PH---,000034848,678.8,16,,,
149,5490,2021-03-30 09:02:09,2021-03-30T08:02:09.187000Z,SE0000310336,2021-03-30 09:02:09,2021-03-30T08:02:09.187000Z,SEK,XSTO,XSTO,MonetaryAmount,N,12-------PH---,000034849,678.8,15,,,
150,5489,2021-03-30 09:02:09,2021-03-30T08:02:09.187000Z,SE0000310336,2021-03-30 09:02:09,2021-03-30T08:02:09.187000Z,SEK,XSTO,XSTO,MonetaryAmount,N,12-------PH---,000034850,678.8,1,,,
151,5488,2021-03-30 09:02:09,2021-03-30T08:02:09.187000Z,SE0000310336,2021-03-30 09:02:09,2021-03-30T08:02:09.187000Z,SEK,XSTO,XSTO,MonetaryAmount,N,12-------PH---,000034851,678.8,1,,,
152,5487,2021-03-30 09:02:09,2021-03-30T08:02:09.187000Z,SE0000310336,2021-03-30 09:02:09,2021-03-30T08:02:09.187000Z,SEK,XSTO,XSTO,MonetaryAmount,N,12-------PH---,000034852,678.8,1,,,
153,5486,2021-03-30 09:02:09,2021-03-30T08:02:09.187000Z,SE0000310336,2021-03-30 09:02:09,2021-03-30T08:02:09.187000Z,SEK,XSTO,XSTO,MonetaryAmount,N,12-------PH---,000034853,678.8,1,,,
154,5485,2021-03-30 09:02:09,2021-03-30T08:02:09.187000Z,SE0000310336,2021-03-30 09:02:09,2021-03-30T08:02:09.187000Z,SEK,XSTO,XSTO,MonetaryAmount,N,12-------PH---,000034854,678.8,1,,,
155,5484,2021-03-30 09:02:09,2021-03-30T08:02:09.187000Z,SE0000310336,2021-03-30 09:02:09,2021-03-30T08:02:09.187000Z,SEK,XSTO,XSTO,MonetaryAmount,N,12-------PH---,000034855,678.8,22,,,
156,5483,2021-03-30 09:02:09,2021-03-30T08:02:09.187000Z,SE0000310336,2021-03-30 09:02:09,2021-03-30T08:02:09.187000Z,SEK,XSTO,XSTO,MonetaryAmount,N,12-------PH---,000034856,678.8,3,,,
157,5482,2021-03-30 09:02:09,2021-03-30T08:02:09.187000Z,SE0000310336,2021-03-30 09:02:09,2021-03-30T08:02:09.187000Z,SEK,XSTO,XSTO,MonetaryAmount,N,12-------PH---,000034857,678.8,1,,,
158,5481,2021-03-30 09:02:09,2021-03-30T08:02:09.187000Z,SE0000310336,2021-03-30 09:02:09,2021-03-30T08:02:09.187000Z,SEK,XSTO,XSTO,MonetaryAmount,N,12-------PH---,000034858,678.8,5,,,
159,5480,2021-03-30 09:02:09,2021-03-30T08:02:09.187000Z,SE0000310336,2021-03-30 09:02:09,2021-03-30T08:02:09.187000Z,SEK,XSTO,XSTO,MonetaryAmount,N,12-------PH---,000034859,678.8,15,,,
160,5479,2021-03-30 09:02:09,2021-03-30T08:02:09.187000Z,SE0000310336,2021-03-30 09:02:09,2021-03-30T08:02:09.187000Z,SEK,XSTO,XSTO,MonetaryAmount,N,12-------PH---,000034860,678.8,1,,,
161,5478,2021-03-30 09:02:09,2021-03-30T08:02:09.187000Z,SE0000310336,2021-03-30 09:02:09,2021-03-30T08:02:09.187000Z,SEK,XSTO,XSTO,MonetaryAmount,N,12-------PH---,000034861,678.8,2,,,
162,5477,2021-03-30 09:02:09,2021-03-30T08:02:09.187000Z,SE0000310336,2021-03-30 09:02:09,2021-03-30T08:02:09.187000Z,SEK,XSTO,XSTO,MonetaryAmount,N,12-------PH---,000034862,678.8,10,,,
163,5476,2021-03-30 09:02:09,2021-03-30T08:02:09.187000Z,SE0000310336,2021-03-30 09:02:09,2021-03-30T08:02:09.187000Z,SEK,XSTO,XSTO,MonetaryAmount,N,12-------PH---,000034863,678.8,1,,,
164,5475,2021-03-30 09:02:09,2021-03-30T08:02:09.187000Z,SE0000310336,2021-03-30 09:02:09,2021-03-30T08:02:09.187000Z,SEK,XSTO,XSTO,MonetaryAmount,N,12-------PH---,000034864,678.8,11,,,
165,5474,2021-03-30 09:02:09,2021-03-30T08:02:09.187000Z,SE0000310336,2021-03-30 09:02:09,2021-03-30T08:02:09.187000Z,SEK,XSTO,XSTO,MonetaryAmount,N,12-------PH---,000034865,678.8,3,,,
166,5473,2021-03-30 09:02:09,2021-03-30T08:02:09.187000Z,SE0000310336,2021-03-30 09:02:09,2021-03-30T08:02:09.187000Z,SEK,XSTO,XSTO,MonetaryAmount,N,12-------PH---,000034866,678.8,2,,,
167,5472,2021-03-30 09:02:09,2021-03-30T08:02:09.187000Z,SE0000310336,2021-03-30 09:02:09,2021-03-30T08:02:09.187000Z,SEK,XSTO,XSTO,MonetaryAmount,N,12-------PH---,000034867,678.8,5,,,
168,5471,2021-03-30 09:02:09,2021-03-30T08:02:09.187000Z,SE0000310336,2021-03-30 09:02:09,2021-03-30T08:02:09.187000Z,SEK,XSTO,XSTO,MonetaryAmount,N,12-------PH---,000034868,678.8,1,,,
169,5470,2021-03-30 09:02:09,2021-03-30T08:02:09.187000Z,SE0000310336,2021-03-30 09:02:09,2021-03-30T08:02:09.187000Z,SEK,XSTO,XSTO,MonetaryAmount,N,12-------PH---,000034869,678.8,1,,,
170,5469,2021-03-30 09:02:09,2021-03-30T08:02:09.187000Z,SE0000310336,2021-03-30 09:02:09,2021-03-30T08:02:09.187000Z,SEK,XSTO,XSTO,MonetaryAmount,N,12-------PH---,000034870,678.8,1,,,
171,5468,2021-03-30 09:02:09,2021-03-30T08:02:09.187000Z,SE0000310336,2021-03-30 09:02:09,2021-03-30T08:02:09.187000Z,SEK,XSTO,XSTO,MonetaryAmount,N,12-------PH---,000034871,678.8,5,,,
172,5467,2021-03-30 09:02:09,2021-03-30T08:02:09.187000Z,SE0000310336,2021-03-30 09:02:09,2021-03-30T08:02:09.187000Z,SEK,XSTO,XSTO,MonetaryAmount,N,12-------PH---,000034872,678.8,3,,,
173,5466,2021-03-30 09:02:09,2021-03-30T08:02:09.187000Z,SE0000310336,2021-03-30 09:02:09,2021-03-30T08:02:09.187000Z,SEK,XSTO,XSTO,MonetaryAmount,N,12-------PH---,000034873,678.8,20,,,
174,5465,2021-03-30 09:02:09,2021-03-30T08:02:09.187000Z,SE0000310336,2021-03-30 09:02:09,2021-03-30T08:02:09.187000Z,SEK,XSTO,XSTO,MonetaryAmount,N,12-------PH---,000034874,678.8,6,,,
175,5464,2021-03-30 09:02:09,2021-03-30T08:02:09.187000Z,SE0000310336,2021-03-30 09:02:09,2021-03-30T08:02:09.187000Z,SEK,XSTO,XSTO,MonetaryAmount,N,12-------PH---,000034875,678.8,2,,,
176,5463,2021-03-30 09:02:09,2021-03-30T08:02:09.187000Z,SE0000310336,2021-03-30 09:02:09,2021-03-30T08:02:09.187000Z,SEK,XSTO,XSTO,MonetaryAmount,N,12-------PH---,000034876,678.8,1,,,
177,5462,2021-03-30 09:02:09,2021-03-30T08:02:09.187000Z,SE0000310336,2021-03-30 09:02:09,2021-03-30T08:02:09.187000Z,SEK,XSTO,XSTO,MonetaryAmount,N,12-------PH---,000034877,678.8,1,,,
178,5461,2021-03-30 09:02:09,2021-03-30T08:02:09.187000Z,SE0000310336,2021-03-30 09:02:09,2021-03-30T08:02:09.187000Z,SEK,XSTO,XSTO,MonetaryAmount,N,12-------PH---,000034878,678.8,60,,,
179,5460,2021-03-30 09:02:09,2021-03-30T08:02:09.187000Z,SE0000310336,2021-03-30 09:02:09,2021-03-30T08:02:09.187000Z,SEK,XSTO,XSTO,MonetaryAmount,N,12-------PH---,000034879,678.8,1,,,
180,5459,2021-03-30 09:02:09,2021-03-30T08:02:09.187000Z,SE0000310336,2021-03-30 09:02:09,2021-03-30T08:02:09.187000Z,SEK,XSTO,XSTO,MonetaryAmount,N,12-------PH---,000034880,678.8,75,,,
181,5458,2021-03-30 09:02:09,2021-03-30T08:02:09.187000Z,SE0000310336,2021-03-30 09:02:09,2021-03-30T08:02:09.187000Z,SEK,XSTO,XSTO,MonetaryAmount,N,12-------PH---,000034881,678.8,75,,,
182,5457,2021-03-30 09:02:09,2021-03-30T08:02:09.187000Z,SE0000310336,2021-03-30 09:02:09,2021-03-30T08:02:09.187000Z,SEK,XSTO,XSTO,MonetaryAmount,N,12-------PH---,000034882,678.8,3,,,
183,5456,2021-03-30 09:02:09,2021-03-30T08:02:09.187000Z,SE0000310336,2021-03-30 09:02:09,2021-03-30T08:02:09.187000Z,SEK,XSTO,XSTO,MonetaryAmount,N,12-------PH---,000034883,678.8,1,,,
184,5455,2021-03-30 09:02:09,2021-03-30T08:02:09.187000Z,SE0000310336,2021-03-30 09:02:09,2021-03-30T08:02:09.187000Z,SEK,XSTO,XSTO,MonetaryAmount,N,12-------PH---,000034884,678.8,7,,,
185,5454,2021-03-30 09:02:09,2021-03-30T08:02:09.187000Z,SE0000310336,2021-03-30 09:02:09,2021-03-30T08:02:09.187000Z,SEK,XSTO,XSTO,MonetaryAmount,N,12-------PH---,000034885,678.8,1,,,
186,5453,2021-03-30 09:02:09,2021-03-30T08:02:09.187000Z,SE0000310336,2021-03-30 09:02:09,2021-03-30T08:02:09.187000Z,SEK,XSTO,XSTO,MonetaryAmount,N,12-------PH---,000034886,678.8,2,,,
187,5452,2021-03-30 09:02:09,2021-03-30T08:02:09.187000Z,SE0000310336,2021-03-30 09:02:09,2021-03-30T08:02:09.187000Z,SEK,XSTO,XSTO,MonetaryAmount,N,12-------PH---,000034887,678.8,20,,,
188,5451,2021-03-30 09:02:09,2021-03-30T08:02:09.187000Z,SE0000310336,2021-03-30 09:02:09,2021-03-30T08:02:09.187000Z,SEK,XSTO,XSTO,MonetaryAmount,N,12-------PH---,000034888,678.8,1,,,
189,5450,2021-03-30 09:02:09,2021-03-30T08:02:09.187000Z,SE0000310336,2021-03-30 09:02:09,2021-03-30T08:02:09.187000Z,SEK,XSTO,XSTO,MonetaryAmount,N,12-------PH---,000034889,678.8,4,,,
190,5449,2021-03-30 09:02:09,2021-03-30T08:02:09.187000Z,SE0000310336,2021-03-30 09:02:09,2021-03-30T08:02:09.187000Z,SEK,XSTO,XSTO,MonetaryAmount,N,12-------PH---,000034890,678.8,2,,,
191,5448,2021-03-30 09:02:09,2021-03-30T08:02:09.187000Z,SE0000310336,2021-03-30 09:02:09,2021-03-30T08:02:09.187000Z,SEK,XSTO,XSTO,MonetaryAmount,N,12-------PH---,000034891,678.8,5,,,
192,5447,2021-03-30 09:02:09,2021-03-30T08:02:09.187000Z,SE0000310336,2021-03-30 09:02:09,2021-03-30T08:02:09.187000Z,SEK,XSTO,XSTO,MonetaryAmount,N,12-------PH---,000034892,678.8,24,,,
193,5446,2021-03-30 09:02:09,2021-03-30T08:02:09.187000Z,SE0000310336,2021-03-30 09:02:09,2021-03-30T08:02:09.187000Z,SEK,XSTO,XSTO,MonetaryAmount,N,12-------PH---,000034893,678.8,2,,,
194,5445,2021-03-30 09:02:09,2021-03-30T08:02:09.187000Z,SE0000310336,2021-03-30 09:02:09,2021-03-30T08:02:09.190000Z,SEK,XSTO,XSTO,MonetaryAmount,N,12-------PH---,000034894,678.8,1,,,
195,5444,2021-03-30 09:02:09,2021-03-30T08:02:09.187000Z,SE0000310336,2021-03-30 09:02:09,2021-03-30T08:02:09.190000Z,SEK,XSTO,XSTO,MonetaryAmount,N,12-------PH---,000034895,678.8,1,,,
196,5443,2021-03-30 09:02:09,2021-03-30T08:02:09.187000Z,SE0000310336,2021-03-30 09:02:09,2021-03-30T08:02:09.190000Z,SEK,XSTO,XSTO,MonetaryAmount,N,12-------PH---,000034896,678.8,4,,,
197,5442,2021-03-30 09:02:09,2021-03-30T08:02:09.187000Z,SE0000310336,2021-03-30 09:02:09,2021-03-30T08:02:09.190000Z,SEK,XSTO,XSTO,MonetaryAmount,N,12-------PH---,000034897,678.8,2,,,
198,5441,2021-03-30 09:02:09,2021-03-30T08:02:09.187000Z,SE0000310336,2021-03-30 09:02:09,2021-03-30T08:02:09.190000Z,SEK,XSTO,XSTO,MonetaryAmount,N,12-------PH---,000034898,678.8,2,,,
199,5440,2021-03-30 09:02:09,2021-03-30T08:02:09.187000Z,SE0000310336,2021-03-30 09:02:09,2021-03-30T08:02:09.190000Z,SEK,XSTO,XSTO,MonetaryAmount,N,12-------PH---,000034899,678.8,4,,,
200,5439,2021-03-30 09:02:09,2021-03-30T08:02:09.187000Z,SE0000310336,2021-03-30 09:02:09,2021-03-30T08:02:09.190000Z,SEK,XSTO,XSTO,MonetaryAmount,N,12-------PH---,000034900,678.8,1,,,
201,5438,2021-03-30 09:02:09,2021-03-30T08:02:09.187000Z,SE0000310336,2021-03-30 09:02:09,2021-03-30T08:02:09.190000Z,SEK,XSTO,XSTO,MonetaryAmount,N,12-------PH---,000034901,678.8,2,,,
202,5437,2021-03-30 09:02:24,2021-03-30T08:02:24.353000Z,SE0000310336,2021-03-30 09:02:24,2021-03-30T08:02:24.353000Z,SEK,XSTO,XSTO,MonetaryAmount,N,12-------PH---,000035954,679.0,77,,,
203,5436,2021-03-30 09:02:24,2021-03-30T08:02:24.353000Z,SE0000310336,2021-03-30 09:02:24,2021-03-30T08:02:24.353000Z,SEK,XSTO,XSTO,MonetaryAmount,N,12-------PH---,000035955,679.0,47,,,
204,5435,2021-03-30 09:02:24,2021-03-30T08:02:24.353000Z,SE0000310336,2021-03-30 09:02:24,2021-03-30T08:02:24.353000Z,SEK,XSTO,XSTO,MonetaryAmount,N,12-------PH---,000035956,678.8,90,,,
205,5434,2021-03-30 09:02:26,2021-03-30T08:02:26.930000Z,SE0000310336,2021-03-30 09:02:26,2021-03-30T08:02:26.930000Z,SEK,XSTO,XSTO,MonetaryAmount,N,12-------PH---,000036166,679.2,77,,,
206,5433,2021-03-30 09:02:35,2021-03-30T08:02:35.110000Z,SE0000310336,2021-03-30 09:02:35,2021-03-30T08:02:35.110000Z,SEK,XSTO,XSTO,MonetaryAmount,N,12-------PH---,000036747,679.4,31,,,
207,5432,2021-03-30 09:02:35,2021-03-30T08:02:35.110000Z,SE0000310336,2021-03-30 09:02:35,2021-03-30T08:02:35.110000Z,SEK,XSTO,XSTO,MonetaryAmount,N,12-------PH---,000036748,679.4,48,,,
208,5431,2021-03-30 09:02:50,2021-03-30T08:02:50.060000Z,SE0000310336,2021-03-30 09:02:50,2021-03-30T08:02:50.060000Z,SEK,XSTO,XSTO,MonetaryAmount,N,12-------PH---,000037539,679.4,2,,,
209,5430,2021-03-30 09:03:01,2021-03-30T08:03:01.047000Z,SE0000310336,2021-03-30 09:03:01,2021-03-30T08:03:01.047000Z,SEK,XSTO,XSTO,MonetaryAmount,N,12-------PH---,000038351,679.4,50,,,
210,5429,2021-03-30 09:03:01,2021-03-30T08:03:01.047000Z,SE0000310336,2021-03-30 09:03:01,2021-03-30T08:03:01.047000Z,SEK,XSTO,XSTO,MonetaryAmount,N,12-------PH---,000038352,679.4,122,,,
211,5428,2021-03-30 09:03:01,2021-03-30T08:03:01.047000Z,SE0000310336,2021-03-30 09:03:01,2021-03-30T08:03:01.047000Z,SEK,XSTO,XSTO,MonetaryAmount,N,12-------PH---,000038353,679.6,29,,,
212,5427,2021-03-30 09:03:01,2021-03-30T08:03:01.047000Z,SE0000310336,2021-03-30 09:03:01,2021-03-30T08:03:01.047000Z,SEK,XSTO,XSTO,MonetaryAmount,N,12-------PH---,000038354,679.6,100,,,
213,5426,2021-03-30 09:03:01,2021-03-30T08:03:01.047000Z,SE0000310336,2021-03-30 09:03:01,2021-03-30T08:03:01.047000Z,SEK,XSTO,XSTO,MonetaryAmount,N,12-------PH---,000038355,679.6,166,,,
214,5425,2021-03-30 09:03:05,2021-03-30T08:03:05.783000Z,SE0000310336,2021-03-30 09:03:05,2021-03-30T08:03:05.783000Z,SEK,XSTO,XSTO,MonetaryAmount,N,12-------PH---,000039407,679.6,11,,,
215,5424,2021-03-30 09:03:05,2021-03-30T08:03:05.783000Z,SE0000310336,2021-03-30 09:03:05,2021-03-30T08:03:05.783000Z,SEK,XSTO,XSTO,MonetaryAmount,N,12-------PH---,000039408,679.6,25,,,
216,5423,2021-03-30 09:03:05,2021-03-30T08:03:05.807000Z,SE0000310336,2021-03-30 09:03:05,2021-03-30T08:03:05.807000Z,SEK,XSTO,XSTO,MonetaryAmount,N,12-------PH---,000039410,679.8,90,,,
217,5422,2021-03-30 09:03:10,2021-03-30T08:03:10.330000Z,SE0000310336,2021-03-30 09:03:10,2021-03-30T08:03:10.330000Z,SEK,XSTO,XSTO,MonetaryAmount,N,12-------PH---,000039751,679.6,37,,,
218,5421,2021-03-30 09:03:10,2021-03-30T08:03:10.330000Z,SE0000310336,2021-03-30 09:03:10,2021-03-30T08:03:10.330000Z,SEK,XSTO,XSTO,MonetaryAmount,N,12-------PH---,000039752,679.6,6,,,
219,5420,2021-03-30 09:03:10,2021-03-30T08:03:10.350000Z,SE0000310336,2021-03-30 09:03:10,2021-03-30T08:03:10.350000Z,SEK,XSTO,XSTO,MonetaryAmount,N,12-------PH---,000039754,679.4,4,,,
220,5419,2021-03-30 09:03:10,2021-03-30T08:03:10.350000Z,SE0000310336,2021-03-30 09:03:10,2021-03-30T08:03:10.350000Z,SEK,XSTO,XSTO,MonetaryAmount,N,12-------PH---,000039755,679.4,24,,,
221,5418,2021-03-30 09:03:27,2021-03-30T08:03:27.030000Z,SE0000310336,2021-03-30 09:03:27,2021-03-30T08:03:27.030000Z,SEK,XSTO,XSTO,MonetaryAmount,N,12-------PH---,000040840,679.6,5,,,
222,5417,2021-03-30 09:03:27,2021-03-30T08:03:27.467000Z,SE0000310336,2021-03-30 09:03:27,2021-03-30T08:03:27.467000Z,SEK,XSTO,XSTO,MonetaryAmount,N,12-------PH---,000040907,679.8,1,,,
223,5416,2021-03-30 09:03:32,2021-03-30T08:03:32.653000Z,SE0000310336,2021-03-30 09:03:32,2021-03-30T08:03:32.653000Z,SEK,XSTO,XSTO,MonetaryAmount,N,12-------PH---,000041309,679.8,1,,,
224,5415,2021-03-30 09:03:36,2021-03-30T08:03:36.997000Z,SE0000310336,2021-03-30 09:03:36,2021-03-30T08:03:36.997000Z,SEK,XSTO,XSTO,MonetaryAmount,N,12-------PH---,000041520,679.8,1,,,
225,5414,2021-03-30 09:03:37,2021-03-30T08:03:37.017000Z,SE0000310336,2021-03-30 09:03:37,2021-03-30T08:03:37.017000Z,SEK,XSTO,XSTO,MonetaryAmount,N,12-------PH---,000041522,679.6,23,,,
226,5413,2021-03-30 09:03:37,2021-03-30T08:03:37.017000Z,SE0000310336,2021-03-30 09:03:37,2021-03-30T08:03:37.017000Z,SEK,XSTO,XSTO,MonetaryAmount,N,12-------PH---,000041523,679.6,16,,,
227,5412,2021-03-30 09:03:40,2021-03-30T08:03:40.097000Z,SE0000310336,2021-03-30 09:03:40,2021-03-30T08:03:40.097000Z,SEK,XSTO,XSTO,MonetaryAmount,N,12-------PH---,000041736,679.6,203,,,
228,5411,2021-03-30 09:03:40,2021-03-30T08:03:40.097000Z,SE0000310336,2021-03-30 09:03:40,2021-03-30T08:03:40.097000Z,SEK,XSTO,XSTO,MonetaryAmount,N,12-------PH---,000041737,679.6,90,,,
229,5410,2021-03-30 09:03:41,2021-03-30T08:03:41.160000Z,SE0000310336,2021-03-30 09:03:41,2021-03-30T08:03:41.160000Z,SEK,XSTO,XSTO,MonetaryAmount,N,12-------PH---,000041790,679.6,1,,,
230,5409,2021-03-30 09:03:43,2021-03-30T08:03:43.613000Z,SE0000310336,2021-03-30 09:03:43,2021-03-30T08:03:43.613000Z,SEK,DSTO,XSTO,MonetaryAmount,N,32D---S--PH---,000041947,679.5,100,,,Nordic@Mid trade
231,5408,2021-03-30 09:03:43,2021-03-30T08:03:43.613000Z,SE0000310336,2021-03-30 09:03:43,2021-03-30T08:03:43.613000Z,SEK,XSTO,XSTO,MonetaryAmount,N,12-------PH---,000041948,679.4,94,,,
232,5407,2021-03-30 09:03:43,2021-03-30T08:03:43.613000Z,SE0000310336,2021-03-30 09:03:43,2021-03-30T08:03:43.613000Z,SEK,XSTO,XSTO,MonetaryAmount,N,12-------PH---,000041949,679.4,14,,,
233,5406,2021-03-30 09:03:43,2021-03-30T08:03:43.613000Z,SE0000310336,2021-03-30 09:03:43,2021-03-30T08:03:43.613000Z,SEK,XSTO,XSTO,MonetaryAmount,N,12-------PH---,000041950,679.4,2,,,
234,5405,2021-03-30 09:03:43,2021-03-30T08:03:43.613000Z,SE0000310336,2021-03-30 09:03:43,2021-03-30T08:03:43.613000Z,SEK,XSTO,XSTO,MonetaryAmount,N,12-------PH---,000041951,679.4,84,,,
235,5404,2021-03-30 09:03:53,2021-03-30T08:03:53.717000Z,SE0000310336,2021-03-30 09:03:53,2021-03-30T08:03:53.717000Z,SEK,XSTO,XSTO,MonetaryAmount,N,12-------PH---,000042555,679.6,3,,,
236,5403,2021-03-30 09:03:53,2021-03-30T08:03:53.733000Z,SE0000310336,2021-03-30 09:03:53,2021-03-30T08:03:53.733000Z,SEK,XSTO,XSTO,MonetaryAmount,N,12-------PH---,000042557,679.6,96,,,
237,5402,2021-03-30 09:03:53,2021-03-30T08:03:53.733000Z,SE0000310336,2021-03-30 09:03:53,2021-03-30T08:03:53.733000Z,SEK,XSTO,XSTO,MonetaryAmount,N,12-------PH---,000042558,679.6,75,,,
238,5401,2021-03-30 09:03:53,2021-03-30T08:03:53.733000Z,SE0000310336,2021-03-30 09:03:53,2021-03-30T08:03:53.733000Z,SEK,XSTO,XSTO,MonetaryAmount,N,12-------PH---,000042559,679.6,48,,,
239,5400,2021-03-30 09:03:53,2021-03-30T08:03:53.813000Z,SE0000310336,2021-03-30 09:03:53,2021-03-30T08:03:53.813000Z,SEK,XSTO,XSTO,MonetaryAmount,N,12-------PH---,000042561,679.6,90,,,
240,5399,2021-03-30 09:04:11,2021-03-30T08:04:11.773000Z,SE0000310336,2021-03-30 09:04:11,2021-03-30T08:04:11.773000Z,SEK,XSTO,XSTO,MonetaryAmount,N,12-------PH---,000043984,679.6,243,,,
241,5398,2021-03-30 09:04:12,2021-03-30T08:04:12.180000Z,SE0000310336,2021-03-30 09:04:12,2021-03-30T08:04:12.180000Z,SEK,XSTO,XSTO,MonetaryAmount,N,12-------PH---,000044025,679.6,3,,,
242,5397,2021-03-30 09:04:12,2021-03-30T08:04:12.833000Z,SE0000310336,2021-03-30 09:04:12,2021-03-30T08:04:12.833000Z,SEK,XSTO,XSTO,MonetaryAmount,N,12-------PH---,000044062,679.6,140,,,
243,5396,2021-03-30 09:04:30,2021-03-30T08:04:30.830000Z,SE0000310336,2021-03-30 09:04:30,2021-03-30T08:04:30.830000Z,SEK,XSTO,XSTO,MonetaryAmount,N,12-------P----,000045435,679.8,26,,,
244,5395,2021-03-30 09:04:30,2021-03-30T08:04:30.830000Z,SE0000310336,2021-03-30 09:04:30,2021-03-30T08:04:30.830000Z,SEK,XSTO,XSTO,MonetaryAmount,N,12-------PH---,000045436,679.8,98,,,
245,5394,2021-03-30 09:04:30,2021-03-30T08:04:30.830000Z,SE0000310336,2021-03-30 09:04:30,2021-03-30T08:04:30.830000Z,SEK,XSTO,XSTO,MonetaryAmount,N,12-------PH---,000045437,679.8,31,,,
246,5393,2021-03-30 09:04:35,2021-03-30T08:04:35.907000Z,SE0000310336,2021-03-30 09:04:35,2021-03-30T08:04:35.907000Z,SEK,XSTO,XSTO,MonetaryAmount,N,12-------PH---,000045796,679.8,35,,,
247,5392,2021-03-30 09:04:36,2021-03-30T08:04:36.017000Z,SE0000310336,2021-03-30 09:04:36,2021-03-30T08:04:36.017000Z,SEK,XSTO,XSTO,MonetaryAmount,N,12-------PH---,000045800,679.8,59,,,
248,5391,2021-03-30 09:04:39,2021-03-30T08:04:39.833000Z,SE0000310336,2021-03-30 09:04:39,2021-03-30T08:04:39.833000Z,SEK,XSTO,XSTO,MonetaryAmount,N,12-------PH---,000046036,679.6,3,,,
249,5390,2021-03-30 09:04:45,2021-03-30T08:04:45.483000Z,SE0000310336,2021-03-30 09:04:45,2021-03-30T08:04:45.483000Z,SEK,XSTO,XSTO,MonetaryAmount,N,12-------PH---,000046444,679.8,2,,,
250,5389,2021-03-30 09:04:45,2021-03-30T08:04:45.483000Z,SE0000310336,2021-03-30 09:04:45,2021-03-30T08:04:45.483000Z,SEK,XSTO,XSTO,MonetaryAmount,N,12-------PH---,000046445,679.8,30,,,
251,5388,2021-03-30 09:05:00,2021-03-30T08:05:00.467000Z,SE0000310336,2021-03-30 09:05:00,2021-03-30T08:05:00.467000Z,SEK,XSTO,XSTO,MonetaryAmount,N,12-------PH---,000047449,680.0,174,,,
252,5387,2021-03-30 09:05:11,2021-03-30T08:05:11.193000Z,SE0000310336,2021-03-30 09:05:11,2021-03-30T08:05:11.193000Z,SEK,XSTO,XSTO,MonetaryAmount,N,12-------PH---,000048617,680.2,105,,,
253,5386,2021-03-30 09:05:11,2021-03-30T08:05:11.310000Z,SE0000310336,2021-03-30 09:05:11,2021-03-30T08:05:11.310000Z,SEK,XSTO,XSTO,MonetaryAmount,N,12-------PH---,000048631,680.2,90,,,
254,5385,2021-03-30 09:05:11,2021-03-30T08:05:11.310000Z,SE0000310336,2021-03-30 09:05:11,2021-03-30T08:05:11.310000Z,SEK,XSTO,XSTO,MonetaryAmount,N,12-------PH---,000048632,680.2,83,,,
255,5384,2021-03-30 09:05:11,2021-03-30T08:05:11.310000Z,SE0000310336,2021-03-30 09:05:11,2021-03-30T08:05:11.310000Z,SEK,XSTO,XSTO,MonetaryAmount,N,12-------PH---,000048633,680.2,2,,,
256,5383,2021-03-30 09:05:24,2021-03-30T08:05:24.543000Z,SE0000310336,2021-03-30 09:05:24,2021-03-30T08:05:24.543000Z,SEK,XSTO,XSTO,MonetaryAmount,N,12-------P----,000049620,680.6,41,,,
257,5382,2021-03-30 09:05:24,2021-03-30T08:05:24.543000Z,SE0000310336,2021-03-30 09:05:24,2021-03-30T08:05:24.543000Z,SEK,XSTO,XSTO,MonetaryAmount,N,12-------PH---,000049621,680.6,53,,,
258,5381,2021-03-30 09:05:24,2021-03-30T08:05:24.543000Z,SE0000310336,2021-03-30 09:05:24,2021-03-30T08:05:24.543000Z,SEK,XSTO,XSTO,MonetaryAmount,N,12-------PH---,000049622,680.6,18,,,
259,5380,2021-03-30 09:05:24,2021-03-30T08:05:24.543000Z,SE0000310336,2021-03-30 09:05:24,2021-03-30T08:05:24.543000Z,SEK,XSTO,XSTO,MonetaryAmount,N,12-------PH---,000049623,680.6,46,,,
260,5379,2021-03-30 09:05:28,2021-03-30T08:05:28.963000Z,SE0000310336,2021-03-30 09:05:28,2021-03-30T08:05:28.963000Z,SEK,XSTO,XSTO,MonetaryAmount,N,12-------PH---,000049984,680.4,52,,,
261,5378,2021-03-30 09:05:28,2021-03-30T08:05:28.963000Z,SE0000310336,2021-03-30 09:05:28,2021-03-30T08:05:28.963000Z,SEK,XSTO,XSTO,MonetaryAmount,N,12-------PH---,000049985,680.4,29,,,
262,5377,2021-03-30 09:05:28,2021-03-30T08:05:28.963000Z,SE0000310336,2021-03-30 09:05:28,2021-03-30T08:05:28.963000Z,SEK,XSTO,XSTO,MonetaryAmount,N,12-------PH---,000049986,680.4,112,,,
263,5376,2021-03-30 09:05:28,2021-03-30T08:05:28.983000Z,SE0000310336,2021-03-30 09:05:28,2021-03-30T08:05:28.983000Z,SEK,XSTO,XSTO,MonetaryAmount,N,12-------PH---,000049992,680.4,90,,,
264,5375,2021-03-30 09:05:29,2021-03-30T08:05:29.530000Z,SE0000310336,2021-03-30 09:05:29,2021-03-30T08:05:29.530000Z,SEK,XSTO,XSTO,MonetaryAmount,N,12-------P----,000050080,680.4,30,,,
265,5374,2021-03-30 09:05:29,2021-03-30T08:05:29.530000Z,SE0000310336,2021-03-30 09:05:29,2021-03-30T08:05:29.530000Z,SEK,XSTO,XSTO,MonetaryAmount,N,12-------PH---,000050081,680.4,38,,,
266,5373,2021-03-30 09:05:29,2021-03-30T08:05:29.530000Z,SE0000310336,2021-03-30 09:05:29,2021-03-30T08:05:29.530000Z,SEK,XSTO,XSTO,MonetaryAmount,N,12-------PH---,000050082,680.4,71,,,
267,5372,2021-03-30 09:05:43,2021-03-30T08:05:43.297000Z,SE0000310336,2021-03-30 09:05:43,2021-03-30T08:05:43.297000Z,SEK,MSTO,XSTO,MonetaryAmount,N,5U-------PH---,000050981,680.3,9,,,Auction On Demand
268,5371,2021-03-30 09:05:51,2021-03-30T08:05:51.147000Z,SE0000310336,2021-03-30 09:05:51,2021-03-30T08:05:51.147000Z,SEK,XSTO,XSTO,MonetaryAmount,N,12-------PH---,000051590,680.4,83,,,
269,5370,2021-03-30 09:05:51,2021-03-30T08:05:51.147000Z,SE0000310336,2021-03-30 09:05:51,2021-03-30T08:05:51.147000Z,SEK,XSTO,XSTO,MonetaryAmount,N,12-------PH---,000051591,680.4,17,,,
270,5369,2021-03-30 09:05:52,2021-03-30T08:05:52.983000Z,SE0000310336,2021-03-30 09:05:52,2021-03-30T08:05:52.983000Z,SEK,XSTO,XSTO,MonetaryAmount,N,12-------PH---,000051673,680.6,90,,,
271,5368,2021-03-30 09:05:57,2021-03-30T08:05:57.960000Z,SE0000310336,2021-03-30 09:05:57,2021-03-30T08:05:57.960000Z,SEK,XSTO,XSTO,MonetaryAmount,N,12-------PH---,000051890,680.6,2,,,
272,5367,2021-03-30 09:05:58,2021-03-30T08:05:58.367000Z,SE0000310336,2021-03-30 09:05:58,2021-03-30T08:05:58.367000Z,SEK,XSTO,XSTO,MonetaryAmount,N,12-------PH---,000051898,680.6,9,,,
273,5366,2021-03-30 09:06:00,2021-03-30T08:06:00.187000Z,SE0000310336,2021-03-30 09:06:00,2021-03-30T08:06:00.187000Z,SEK,XSTO,XSTO,MonetaryAmount,N,12-------PH---,000051964,680.6,1,,,
274,5365,2021-03-30 09:06:00,2021-03-30T08:06:00.187000Z,SE0000310336,2021-03-30 09:06:00,2021-03-30T08:06:00.187000Z,SEK,XSTO,XSTO,MonetaryAmount,N,12-------PH---,000051965,680.6,32,,,
275,5364,2021-03-30 09:06:00,2021-03-30T08:06:00.187000Z,SE0000310336,2021-03-30 09:06:00,2021-03-30T08:06:00.187000Z,SEK,XSTO,XSTO,MonetaryAmount,N,12-------PH---,000051966,680.6,51,,,
276,5363,2021-03-30 09:06:00,2021-03-30T08:06:00.187000Z,SE0000310336,2021-03-30 09:06:00,2021-03-30T08:06:00.187000Z,SEK,XSTO,XSTO,MonetaryAmount,N,12-------PH---,000051967,680.6,26,,,
277,5362,2021-03-30 09:06:03,2021-03-30T08:06:03.513000Z,SE0000310336,2021-03-30 09:06:03,2021-03-30T08:06:03.513000Z,SEK,XSTO,XSTO,MonetaryAmount,N,12-------PH---,000052349,680.6,40,,,
278,5361,2021-03-30 09:06:03,2021-03-30T08:06:03.530000Z,SE0000310336,2021-03-30 09:06:03,2021-03-30T08:06:03.530000Z,SEK,XSTO,XSTO,MonetaryAmount,N,12-------PH---,000052352,680.6,90,,,
279,5360,2021-03-30 09:06:07,2021-03-30T08:06:07.760000Z,SE0000310336,2021-03-30 09:06:07,2021-03-30T08:06:07.760000Z,SEK,XSTO,XSTO,MonetaryAmount,N,12-------PH---,000052772,680.4,1,,,
280,5359,2021-03-30 09:06:07,2021-03-30T08:06:07.760000Z,SE0000310336,2021-03-30 09:06:07,2021-03-30T08:06:07.760000Z,SEK,XSTO,XSTO,MonetaryAmount,N,12-------PH---,000052773,680.4,87,,,
281,5358,2021-03-30 09:06:07,2021-03-30T08:06:07.760000Z,SE0000310336,2021-03-30 09:06:07,2021-03-30T08:06:07.760000Z,SEK,XSTO,XSTO,MonetaryAmount,N,12-------PH---,000052774,680.4,104,,,
282,5357,2021-03-30 09:06:07,2021-03-30T08:06:07.760000Z,SE0000310336,2021-03-30 09:06:07,2021-03-30T08:06:07.760000Z,SEK,XSTO,XSTO,MonetaryAmount,N,12-------PH---,000052775,680.4,247,,,
283,5356,2021-03-30 09:06:07,2021-03-30T08:06:07.760000Z,SE0000310336,2021-03-30 09:06:07,2021-03-30T08:06:07.760000Z,SEK,XSTO,XSTO,MonetaryAmount,N,12-------PH---,000052776,680.4,35,,,
284,5355,2021-03-30 09:06:07,2021-03-30T08:06:07.780000Z,SE0000310336,2021-03-30 09:06:07,2021-03-30T08:06:07.780000Z,SEK,XSTO,XSTO,MonetaryAmount,N,12-------PH---,000052777,680.2,5,,,
285,5354,2021-03-30 09:06:07,2021-03-30T08:06:07.780000Z,SE0000310336,2021-03-30 09:06:07,2021-03-30T08:06:07.780000Z,SEK,XSTO,XSTO,MonetaryAmount,N,12-------PH---,000052778,680.2,4,,,
286,5353,2021-03-30 09:06:07,2021-03-30T08:06:07.780000Z,SE0000310336,2021-03-30 09:06:07,2021-03-30T08:06:07.780000Z,SEK,XSTO,XSTO,MonetaryAmount,N,12-------PH---,000052779,680.2,28,,,
287,5352,2021-03-30 09:06:07,2021-03-30T08:06:07.800000Z,SE0000310336,2021-03-30 09:06:07,2021-03-30T08:06:07.800000Z,SEK,XSTO,XSTO,MonetaryAmount,N,12-------PH---,000052780,680.0,52,,,
288,5351,2021-03-30 09:06:07,2021-03-30T08:06:07.800000Z,SE0000310336,2021-03-30 09:06:07,2021-03-30T08:06:07.800000Z,SEK,XSTO,XSTO,MonetaryAmount,N,12-------PH---,000052781,680.0,74,,,
289,5350,2021-03-30 09:06:26,2021-03-30T08:06:26.150000Z,SE0000310336,2021-03-30 09:06:26,2021-03-30T08:06:26.150000Z,SEK,XSTO,XSTO,MonetaryAmount,N,12-------PH---,000054482,679.8,5,,,
290,5349,2021-03-30 09:06:26,2021-03-30T08:06:26.150000Z,SE0000310336,2021-03-30 09:06:26,2021-03-30T08:06:26.150000Z,SEK,XSTO,XSTO,MonetaryAmount,N,12-------PH---,000054483,679.8,85,,,
291,5348,2021-03-30 09:06:26,2021-03-30T08:06:26.150000Z,SE0000310336,2021-03-30 09:06:26,2021-03-30T08:06:26.150000Z,SEK,XSTO,XSTO,MonetaryAmount,N,12-------PH---,000054484,679.8,66,,,
292,5347,2021-03-30 09:06:26,2021-03-30T08:06:26.150000Z,SE0000310336,2021-03-30 09:06:26,2021-03-30T08:06:26.150000Z,SEK,XSTO,XSTO,MonetaryAmount,N,12-------PH---,000054485,679.8,90,,,
293,5346,2021-03-30 09:06:30,2021-03-30T08:06:30.670000Z,SE0000310336,2021-03-30 09:06:30,2021-03-30T08:06:30.670000Z,SEK,XSTO,XSTO,MonetaryAmount,N,12-------PH---,000054817,679.8,24,,,
294,5345,2021-03-30 09:06:30,2021-03-30T08:06:30.670000Z,SE0000310336,2021-03-30 09:06:30,2021-03-30T08:06:30.670000Z,SEK,XSTO,XSTO,MonetaryAmount,N,12-------PH---,000054818,679.8,76,,,
295,5344,2021-03-30 09:06:30,2021-03-30T08:06:30.687000Z,SE0000310336,2021-03-30 09:06:30,2021-03-30T08:06:30.687000Z,SEK,XSTO,XSTO,MonetaryAmount,N,12-------PH---,000054820,679.8,108,,,
296,5343,2021-03-30 09:06:30,2021-03-30T08:06:30.737000Z,SE0000310336,2021-03-30 09:06:30,2021-03-30T08:06:30.737000Z,SEK,XSTO,XSTO,MonetaryAmount,N,12-------PH---,000054834,679.8,90,,,
297,5342,2021-03-30 09:06:42,2021-03-30T08:06:42.103000Z,SE0000310336,2021-03-30 09:06:42,2021-03-30T08:06:42.103000Z,SEK,XSTO,XSTO,MonetaryAmount,N,12-------PH---,000055540,679.8,8,,,
298,5341,2021-03-30 09:06:56,2021-03-30T08:06:56.377000Z,SE0000310336,2021-03-30 09:06:56,2021-03-30T08:06:56.377000Z,SEK,XSTO,XSTO,MonetaryAmount,N,12-------PH---,000056444,679.8,2,,,
299,5340,2021-03-30 09:07:05,2021-03-30T08:07:05.813000Z,SE0000310336,2021-03-30 09:07:05,2021-03-30T08:07:05.813000Z,SEK,XSTO,XSTO,MonetaryAmount,N,12-------PH---,000057100,679.8,3,,,
300,5339,2021-03-30 09:07:05,2021-03-30T08:07:05.813000Z,SE0000310336,2021-03-30 09:07:05,2021-03-30T08:07:05.813000Z,SEK,XSTO,XSTO,MonetaryAmount,N,12-------PH---,000057101,679.8,7,,,
301,5338,2021-03-30 09:07:05,2021-03-30T08:07:05.870000Z,SE0000310336,2021-03-30 09:07:05,2021-03-30T08:07:05.870000Z,SEK,XSTO,XSTO,MonetaryAmount,N,12-------PH---,000057105,679.8,43,,,
302,5337,2021-03-30 09:07:05,2021-03-30T08:07:05.870000Z,SE0000310336,2021-03-30 09:07:05,2021-03-30T08:07:05.870000Z,SEK,XSTO,XSTO,MonetaryAmount,N,12-------PH---,000057106,679.8,46,,,
303,5336,2021-03-30 09:07:07,2021-03-30T08:07:07.100000Z,SE0000310336,2021-03-30 09:07:07,2021-03-30T08:07:07.100000Z,SEK,XSTO,XSTO,MonetaryAmount,N,12-------PH---,000057199,679.8,90,,,
304,5335,2021-03-30 09:07:13,2021-03-30T08:07:13.637000Z,SE0000310336,2021-03-30 09:07:13,2021-03-30T08:07:13.637000Z,SEK,XSTO,XSTO,MonetaryAmount,N,12-------PH---,000057602,679.8,2,,,
305,5334,2021-03-30 09:07:14,2021-03-30T08:07:14.807000Z,SE0000310336,2021-03-30 09:07:14,2021-03-30T08:07:14.807000Z,SEK,XSTO,XSTO,MonetaryAmount,N,12-------PH---,000057664,679.6,18,,,
306,5333,2021-03-30 09:07:14,2021-03-30T08:07:14.807000Z,SE0000310336,2021-03-30 09:07:14,2021-03-30T08:07:14.807000Z,SEK,XSTO,XSTO,MonetaryAmount,N,12-------PH---,000057665,679.6,2,,,
307,5332,2021-03-30 09:07:14,2021-03-30T08:07:14.807000Z,SE0000310336,2021-03-30 09:07:14,2021-03-30T08:07:14.807000Z,SEK,XSTO,XSTO,MonetaryAmount,N,12-------PH---,000057666,679.6,21,,,
308,5331,2021-03-30 09:07:29,2021-03-30T08:07:29.287000Z,SE0000310336,2021-03-30 09:07:29,2021-03-30T08:07:29.287000Z,SEK,XSTO,XSTO,MonetaryAmount,N,12-------PH---,000058586,679.6,6,,,
309,5330,2021-03-30 09:07:36,2021-03-30T08:07:36.640000Z,SE0000310336,2021-03-30 09:07:36,2021-03-30T08:07:36.640000Z,SEK,XSTO,XSTO,MonetaryAmount,N,12-------PH---,000059002,679.8,55,,,
310,5329,2021-03-30 09:07:36,2021-03-30T08:07:36.640000Z,SE0000310336,2021-03-30 09:07:36,2021-03-30T08:07:36.640000Z,SEK,XSTO,XSTO,MonetaryAmount,N,12-------PH---,000059003,679.8,35,,,
311,5328,2021-03-30 09:07:36,2021-03-30T08:07:36.640000Z,SE0000310336,2021-03-30 09:07:36,2021-03-30T08:07:36.643000Z,SEK,XSTO,XSTO,MonetaryAmount,N,12-------PH---,000059004,679.8,41,,,
312,5327,2021-03-30 09:07:36,2021-03-30T08:07:36.663000Z,SE0000310336,2021-03-30 09:07:36,2021-03-30T08:07:36.663000Z,SEK,XSTO,XSTO,MonetaryAmount,N,12-------PH---,000059008,679.8,5,,,
313,5326,2021-03-30 09:07:39,2021-03-30T08:07:39.150000Z,SE0000310336,2021-03-30 09:07:39,2021-03-30T08:07:39.150000Z,SEK,XSTO,XSTO,MonetaryAmount,N,12-------PH---,000059126,679.8,1,,,
314,5325,2021-03-30 09:07:47,2021-03-30T08:07:47.990000Z,SE0000310336,2021-03-30 09:07:47,2021-03-30T08:07:47.990000Z,SEK,XSTO,XSTO,MonetaryAmount,N,12-------PH---,000059667,680.0,4,,,
315,5324,2021-03-30 09:07:47,2021-03-30T08:07:47.990000Z,SE0000310336,2021-03-30 09:07:47,2021-03-30T08:07:47.990000Z,SEK,XSTO,XSTO,MonetaryAmount,N,12-------P----,000059668,680.0,45,,,
316,5323,2021-03-30 09:07:47,2021-03-30T08:07:47.990000Z,SE0000310336,2021-03-30 09:07:47,2021-03-30T08:07:47.990000Z,SEK,XSTO,XSTO,MonetaryAmount,N,12-------P----,000059669,680.0,55,,,
317,5322,2021-03-30 09:07:57,2021-03-30T08:07:57.057000Z,SE0000310336,2021-03-30 09:07:57,2021-03-30T08:07:57.057000Z,SEK,XSTO,XSTO,MonetaryAmount,N,12-------PH---,000060214,680.0,1,,,
318,5321,2021-03-30 09:08:06,2021-03-30T08:08:06.727000Z,SE0000310336,2021-03-30 09:08:06,2021-03-30T08:08:06.727000Z,SEK,XSTO,XSTO,MonetaryAmount,N,12-------PH---,000060964,679.8,43,,,
319,5320,2021-03-30 09:08:06,2021-03-30T08:08:06.727000Z,SE0000310336,2021-03-30 09:08:06,2021-03-30T08:08:06.727000Z,SEK,XSTO,XSTO,MonetaryAmount,N,12-------PH---,000060965,679.8,24,,,
320,5319,2021-03-30 09:08:06,2021-03-30T08:08:06.747000Z,SE0000310336,2021-03-30 09:08:06,2021-03-30T08:08:06.747000Z,SEK,XSTO,XSTO,MonetaryAmount,N,12-------PH---,000060967,679.6,1,,,
321,5318,2021-03-30 09:08:11,2021-03-30T08:08:11.287000Z,SE0000310336,2021-03-30 09:08:11,2021-03-30T08:08:11.287000Z,SEK,XSTO,XSTO,MonetaryAmount,N,12-------PH---,000061281,679.6,4,,,
322,5317,2021-03-30 09:08:11,2021-03-30T08:08:11.327000Z,SE0000310336,2021-03-30 09:08:11,2021-03-30T08:08:11.327000Z,SEK,XSTO,XSTO,MonetaryAmount,N,12-------PH---,000061297,679.8,1,,,
323,5316,2021-03-30 09:08:11,2021-03-30T08:08:11.357000Z,SE0000310336,2021-03-30 09:08:11,2021-03-30T08:08:11.357000Z,SEK,XSTO,XSTO,MonetaryAmount,N,12-------PH---,000061299,679.6,54,,,
324,5315,2021-03-30 09:08:11,2021-03-30T08:08:11.357000Z,SE0000310336,2021-03-30 09:08:11,2021-03-30T08:08:11.357000Z,SEK,XSTO,XSTO,MonetaryAmount,N,12-------PH---,000061300,679.6,35,,,
325,5314,2021-03-30 09:08:19,2021-03-30T08:08:19.927000Z,SE0000310336,2021-03-30 09:08:19,2021-03-30T08:08:19.927000Z,SEK,XSTO,XSTO,MonetaryAmount,N,12-------PH---,000061788,679.8,3,,,
326,5313,2021-03-30 09:08:54,2021-03-30T08:08:54.600000Z,SE0000310336,2021-03-30 09:08:54,2021-03-30T08:08:54.600000Z,SEK,XSTO,XSTO,MonetaryAmount,N,12-------PH---,000063699,679.6,90,,,
327,5312,2021-03-30 09:08:54,2021-03-30T08:08:54.600000Z,SE0000310336,2021-03-30 09:08:54,2021-03-30T08:08:54.600000Z,SEK,XSTO,XSTO,MonetaryAmount,N,12-------P----,000063700,679.6,36,,,
328,5311,2021-03-30 09:08:54,2021-03-30T08:08:54.600000Z,SE0000310336,2021-03-30 09:08:54,2021-03-30T08:08:54.600000Z,SEK,XSTO,XSTO,MonetaryAmount,N,12-------P----,000063701,679.6,66,,,
329,5310,2021-03-30 09:08:54,2021-03-30T08:08:54.600000Z,SE0000310336,2021-03-30 09:08:54,2021-03-30T08:08:54.600000Z,SEK,XSTO,XSTO,MonetaryAmount,N,12-------PH---,000063702,679.6,100,,,
330,5309,2021-03-30 09:08:54,2021-03-30T08:08:54.600000Z,SE0000310336,2021-03-30 09:08:54,2021-03-30T08:08:54.600000Z,SEK,XSTO,XSTO,MonetaryAmount,N,12-------PH---,000063703,679.6,30,,,
331,5308,2021-03-30 09:08:54,2021-03-30T08:08:54.617000Z,SE0000310336,2021-03-30 09:08:54,2021-03-30T08:08:54.617000Z,SEK,XSTO,XSTO,MonetaryAmount,N,12-------PH---,000063716,679.8,90,,,
332,5307,2021-03-30 09:08:59,2021-03-30T08:08:59.567000Z,SE0000310336,2021-03-30 09:08:59,2021-03-30T08:08:59.567000Z,SEK,XSTO,XSTO,MonetaryAmount,N,12-------PH---,000064049,680.0,3,,,
333,5306,2021-03-30 09:08:59,2021-03-30T08:08:59.583000Z,SE0000310336,2021-03-30 09:08:59,2021-03-30T08:08:59.583000Z,SEK,XSTO,XSTO,MonetaryAmount,N,12-------PH---,000064050,679.8,9,,,
334,5305,2021-03-30 09:08:59,2021-03-30T08:08:59.583000Z,SE0000310336,2021-03-30 09:08:59,2021-03-30T08:08:59.583000Z,SEK,XSTO,XSTO,MonetaryAmount,N,12-------PH---,000064051,679.8,45,,,
335,5304,2021-03-30 09:09:07,2021-03-30T08:09:07.447000Z,SE0000310336,2021-03-30 09:09:07,2021-03-30T08:09:07.447000Z,SEK,XSTO,XSTO,MonetaryAmount,N,12-------PH---,000064751,679.8,2,,,
336,5303,2021-03-30 09:09:10,2021-03-30T08:09:10.027000Z,SE0000310336,2021-03-30 09:09:10,2021-03-30T08:09:10.027000Z,SEK,XSTO,XSTO,MonetaryAmount,N,12-------PH---,000064936,679.6,58,,,
337,5302,2021-03-30 09:09:10,2021-03-30T08:09:10.027000Z,SE0000310336,2021-03-30 09:09:10,2021-03-30T08:09:10.027000Z,SEK,XSTO,XSTO,MonetaryAmount,N,12-------PH---,000064937,679.6,106,,,
338,5301,2021-03-30 09:09:10,2021-03-30T08:09:10.050000Z,SE0000310336,2021-03-30 09:09:10,2021-03-30T08:09:10.050000Z,SEK,XSTO,XSTO,MonetaryAmount,N,12-------PH---,000064938,679.6,50,,,
339,5300,2021-03-30 09:09:10,2021-03-30T08:09:10.050000Z,SE0000310336,2021-03-30 09:09:10,2021-03-30T08:09:10.050000Z,SEK,XSTO,XSTO,MonetaryAmount,N,12-------PH---,000064939,679.6,313,,,
340,5299,2021-03-30 09:09:10,2021-03-30T08:09:10.823000Z,SE0000310336,2021-03-30 09:09:10,2021-03-30T08:09:10.823000Z,SEK,XSTO,XSTO,MonetaryAmount,N,12-------PH---,000065031,679.6,2,,,
341,5298,2021-03-30 09:09:11,2021-03-30T08:09:11.020000Z,SE0000310336,2021-03-30 09:09:11,2021-03-30T08:09:11.020000Z,SEK,XSTO,XSTO,MonetaryAmount,N,12-------P----,000065044,679.4,15,,,
342,5297,2021-03-30 09:09:11,2021-03-30T08:09:11.020000Z,SE0000310336,2021-03-30 09:09:11,2021-03-30T08:09:11.020000Z,SEK,XSTO,XSTO,MonetaryAmount,N,12-------PH---,000065045,679.4,49,,,
343,5296,2021-03-30 09:09:13,2021-03-30T08:09:13.710000Z,SE0000310336,2021-03-30 09:09:13,2021-03-30T08:09:13.710000Z,SEK,XSTO,XSTO,MonetaryAmount,N,12-------PH---,000065176,679.2,23,,,
344,5295,2021-03-30 09:09:13,2021-03-30T08:09:13.710000Z,SE0000310336,2021-03-30 09:09:13,2021-03-30T08:09:13.710000Z,SEK,XSTO,XSTO,MonetaryAmount,N,12-------PH---,000065177,679.2,6,,,
345,5294,2021-03-30 09:09:16,2021-03-30T08:09:16.157000Z,SE0000310336,2021-03-30 09:09:16,2021-03-30T08:09:16.157000Z,SEK,XSTO,XSTO,MonetaryAmount,N,12-------PH---,000065294,679.2,2,,,
346,5293,2021-03-30 09:09:16,2021-03-30T08:09:16.157000Z,SE0000310336,2021-03-30 09:09:16,2021-03-30T08:09:16.157000Z,SEK,XSTO,XSTO,MonetaryAmount,N,12-------PH---,000065295,679.2,69,,,
347,5292,2021-03-30 09:09:16,2021-03-30T08:09:16.157000Z,SE0000310336,2021-03-30 09:09:16,2021-03-30T08:09:16.157000Z,SEK,XSTO,XSTO,MonetaryAmount,N,12-------PH---,000065296,679.2,70,,,
348,5291,2021-03-30 09:09:23,2021-03-30T08:09:23.917000Z,SE0000310336,2021-03-30 09:09:23,2021-03-30T08:09:23.917000Z,SEK,XSTO,XSTO,MonetaryAmount,N,12-------P----,000065822,679.4,59,,,
349,5290,2021-03-30 09:09:23,2021-03-30T08:09:23.977000Z,SE0000310336,2021-03-30 09:09:23,2021-03-30T08:09:23.977000Z,SEK,XSTO,XSTO,MonetaryAmount,N,12-------PH---,000065825,679.2,50,,,
350,5289,2021-03-30 09:09:27,2021-03-30T08:09:27.640000Z,SE0000310336,2021-03-30 09:09:27,2021-03-30T08:09:27.640000Z,SEK,XSTO,XSTO,MonetaryAmount,N,12-------PH---,000066059,679.4,7,,,
351,5288,2021-03-30 09:09:50,2021-03-30T08:09:50.280000Z,SE0000310336,2021-03-30 09:09:50,2021-03-30T08:09:50.280000Z,SEK,XSTO,XSTO,MonetaryAmount,N,12-------PH---,000067220,679.6,31,,,
352,5287,2021-03-30 09:09:50,2021-03-30T08:09:50.280000Z,SE0000310336,2021-03-30 09:09:50,2021-03-30T08:09:50.280000Z,SEK,XSTO,XSTO,MonetaryAmount,N,12-------PH---,000067221,679.6,90,,,
353,5286,2021-03-30 09:09:50,2021-03-30T08:09:50.280000Z,SE0000310336,2021-03-30 09:09:50,2021-03-30T08:09:50.280000Z,SEK,XSTO,XSTO,MonetaryAmount,N,12-------PH---,000067222,679.6,56,,,
354,5285,2021-03-30 09:09:50,2021-03-30T08:09:50.360000Z,SE0000310336,2021-03-30 09:09:50,2021-03-30T08:09:50.360000Z,SEK,XSTO,XSTO,MonetaryAmount,N,12-------PH---,000067227,679.8,88,,,
355,5284,2021-03-30 09:09:51,2021-03-30T08:09:51.013000Z,SE0000310336,2021-03-30 09:09:51,2021-03-30T08:09:51.013000Z,SEK,XSTO,XSTO,MonetaryAmount,N,12-------PH---,000067265,679.6,25,,,
356,5283,2021-03-30 09:09:51,2021-03-30T08:09:51.177000Z,SE0000310336,2021-03-30 09:09:51,2021-03-30T08:09:51.177000Z,SEK,XSTO,XSTO,MonetaryAmount,N,12-------PH---,000067280,679.8,4,,,
357,5282,2021-03-30 09:09:51,2021-03-30T08:09:51.177000Z,SE0000310336,2021-03-30 09:09:51,2021-03-30T08:09:51.177000Z,SEK,XSTO,XSTO,MonetaryAmount,N,12-------PH---,000067281,679.8,86,,,
358,5281,2021-03-30 09:09:53,2021-03-30T08:09:53.597000Z,SE0000310336,2021-03-30 09:09:53,2021-03-30T08:09:53.597000Z,SEK,XSTO,XSTO,MonetaryAmount,N,12-------P----,000067405,679.8,50,,,
359,5280,2021-03-30 09:09:53,2021-03-30T08:09:53.890000Z,SE0000310336,2021-03-30 09:09:53,2021-03-30T08:09:53.890000Z,SEK,XSTO,XSTO,MonetaryAmount,N,12-------P----,000067408,679.8,50,,,
360,5279,2021-03-30 09:09:53,2021-03-30T08:09:53.937000Z,SE0000310336,2021-03-30 09:09:53,2021-03-30T08:09:53.937000Z,SEK,XSTO,XSTO,MonetaryAmount,N,12-------P----,000067409,680.0,66,,,
361,5278,2021-03-30 09:09:53,2021-03-30T08:09:53.937000Z,SE0000310336,2021-03-30 09:09:53,2021-03-30T08:09:53.937000Z,SEK,XSTO,XSTO,MonetaryAmount,N,12-------P----,000067410,680.0,42,,,
362,5277,2021-03-30 09:09:55,2021-03-30T08:09:55.567000Z,SE0000310336,2021-03-30 09:09:55,2021-03-30T08:09:55.567000Z,SEK,XSTO,XSTO,MonetaryAmount,N,12-------P----,000067535,680.2,36,,,
363,5276,2021-03-30 09:10:00,2021-03-30T08:10:00.630000Z,SE0000310336,2021-03-30 09:10:00,2021-03-30T08:10:00.630000Z,SEK,XSTO,XSTO,MonetaryAmount,N,12-------PH---,000067771,680.2,2,,,
364,5275,2021-03-30 09:10:00,2021-03-30T08:10:00.630000Z,SE0000310336,2021-03-30 09:10:00,2021-03-30T08:10:00.630000Z,SEK,XSTO,XSTO,MonetaryAmount,N,12-------PH---,000067772,680.2,38,,,
365,5274,2021-03-30 09:10:00,2021-03-30T08:10:00.673000Z,SE0000310336,2021-03-30 09:10:00,2021-03-30T08:10:00.673000Z,SEK,XSTO,XSTO,MonetaryAmount,N,12-------PH---,000067779,680.2,39,,,
366,5273,2021-03-30 09:10:00,2021-03-30T08:10:00.673000Z,SE0000310336,2021-03-30 09:10:00,2021-03-30T08:10:00.673000Z,SEK,XSTO,XSTO,MonetaryAmount,N,12-------PH---,000067780,680.2,51,,,
367,5272,2021-03-30 09:10:05,2021-03-30T08:10:05.933000Z,SE0000310336,2021-03-30 09:10:05,2021-03-30T08:10:05.933000Z,SEK,MSTO,XSTO,MonetaryAmount,N,5U-------PH---,000068127,680.2,158,,,Auction On Demand
368,5271,2021-03-30 09:10:06,2021-03-30T08:10:06.723000Z,SE0000310336,2021-03-30 09:10:06,2021-03-30T08:10:06.723000Z,SEK,XSTO,XSTO,MonetaryAmount,N,12-------PH---,000068151,680.4,145,,,
369,5270,2021-03-30 09:10:06,2021-03-30T08:10:06.723000Z,SE0000310336,2021-03-30 09:10:06,2021-03-30T08:10:06.723000Z,SEK,XSTO,XSTO,MonetaryAmount,N,12-------PH---,000068152,680.4,45,,,
370,5269,2021-03-30 09:10:06,2021-03-30T08:10:06.723000Z,SE0000310336,2021-03-30 09:10:06,2021-03-30T08:10:06.723000Z,SEK,XSTO,XSTO,MonetaryAmount,N,12-------PH---,000068153,680.4,48,,,
371,5268,2021-03-30 09:10:06,2021-03-30T08:10:06.723000Z,SE0000310336,2021-03-30 09:10:06,2021-03-30T08:10:06.723000Z,SEK,XSTO,XSTO,MonetaryAmount,N,12-------PH---,000068154,680.4,100,,,
372,5267,2021-03-30 09:10:06,2021-03-30T08:10:06.723000Z,SE0000310336,2021-03-30 09:10:06,2021-03-30T08:10:06.723000Z,SEK,XSTO,XSTO,MonetaryAmount,N,12-------PH---,000068155,680.4,47,,,
373,5266,2021-03-30 09:10:12,2021-03-30T08:10:12.947000Z,SE0000310336,2021-03-30 09:10:12,2021-03-30T08:10:12.947000Z,SEK,XSTO,XSTO,MonetaryAmount,N,12-------PH---,000068515,680.4,1,,,
374,5265,2021-03-30 09:10:12,2021-03-30T08:10:12.947000Z,SE0000310336,2021-03-30 09:10:12,2021-03-30T08:10:12.947000Z,SEK,XSTO,XSTO,MonetaryAmount,N,12-------PH---,000068516,680.4,21,,,
375,5264,2021-03-30 09:10:12,2021-03-30T08:10:12.947000Z,SE0000310336,2021-03-30 09:10:12,2021-03-30T08:10:12.947000Z,SEK,XSTO,XSTO,MonetaryAmount,N,12-------PH---,000068517,680.4,29,,,
376,5263,2021-03-30 09:10:12,2021-03-30T08:10:12.947000Z,SE0000310336,2021-03-30 09:10:12,2021-03-30T08:10:12.947000Z,SEK,XSTO,XSTO,MonetaryAmount,N,12-------PH---,000068518,680.4,14,,,
377,5262,2021-03-30 09:10:24,2021-03-30T08:10:24.270000Z,SE0000310336,2021-03-30 09:10:24,2021-03-30T08:10:24.270000Z,SEK,XSTO,XSTO,MonetaryAmount,N,12-------PH---,000069037,680.2,20,,,
378,5261,2021-03-30 09:10:33,2021-03-30T08:10:33.170000Z,SE0000310336,2021-03-30 09:10:33,2021-03-30T08:10:33.170000Z,SEK,XSTO,XSTO,MonetaryAmount,N,12-------P----,000069492,680.4,39,,,
379,5260,2021-03-30 09:10:33,2021-03-30T08:10:33.170000Z,SE0000310336,2021-03-30 09:10:33,2021-03-30T08:10:33.170000Z,SEK,XSTO,XSTO,MonetaryAmount,N,12-------PH---,000069493,680.4,90,,,
380,5259,2021-03-30 09:10:44,2021-03-30T08:10:44.683000Z,SE0000310336,2021-03-30 09:10:44,2021-03-30T08:10:44.683000Z,SEK,XSTO,XSTO,MonetaryAmount,N,12-------PH---,000069973,680.6,10,,,
381,5258,2021-03-30 09:10:58,2021-03-30T08:10:58.457000Z,SE0000310336,2021-03-30 09:10:58,2021-03-30T08:10:58.457000Z,SEK,XSTO,XSTO,MonetaryAmount,N,12-------PH---,000070661,680.6,3,,,
382,5257,2021-03-30 09:11:02,2021-03-30T08:11:02.040000Z,SE0000310336,2021-03-30 09:11:02,2021-03-30T08:11:02.040000Z,SEK,XSTO,XSTO,MonetaryAmount,N,12-------PH---,000070886,680.6,120,,,
383,5256,2021-03-30 09:11:03,2021-03-30T08:11:03.237000Z,SE0000310336,2021-03-30 09:11:03,2021-03-30T08:11:03.237000Z,SEK,XSTO,XSTO,MonetaryAmount,N,12-------PH---,000070950,680.6,55,,,
384,5255,2021-03-30 09:11:08,2021-03-30T08:11:08.207000Z,SE0000310336,2021-03-30 09:11:08,2021-03-30T08:11:08.207000Z,SEK,XSTO,XSTO,MonetaryAmount,N,12-------PH---,000071215,680.4,3,,,
385,5254,2021-03-30 09:11:08,2021-03-30T08:11:08.207000Z,SE0000310336,2021-03-30 09:11:08,2021-03-30T08:11:08.207000Z,SEK,XSTO,XSTO,MonetaryAmount,N,12-------PH---,000071216,680.4,20,,,
386,5253,2021-03-30 09:11:08,2021-03-30T08:11:08.207000Z,SE0000310336,2021-03-30 09:11:08,2021-03-30T08:11:08.207000Z,SEK,XSTO,XSTO,MonetaryAmount,N,12-------P----,000071217,680.4,27,,,
387,5252,2021-03-30 09:11:08,2021-03-30T08:11:08.210000Z,SE0000310336,2021-03-30 09:11:08,2021-03-30T08:11:08.210000Z,SEK,XSTO,XSTO,MonetaryAmount,N,12-------P----,000071218,680.4,3,,,
388,5251,2021-03-30 09:11:08,2021-03-30T08:11:08.210000Z,SE0000310336,2021-03-30 09:11:08,2021-03-30T08:11:08.210000Z,SEK,XSTO,XSTO,MonetaryAmount,N,12-------PH---,000071219,680.4,47,,,
389,5250,2021-03-30 09:11:08,2021-03-30T08:11:08.223000Z,SE0000310336,2021-03-30 09:11:08,2021-03-30T08:11:08.223000Z,SEK,XSTO,XSTO,MonetaryAmount,N,12-------PH---,000071225,680.4,50,,,
390,5249,2021-03-30 09:11:08,2021-03-30T08:11:08.223000Z,SE0000310336,2021-03-30 09:11:08,2021-03-30T08:11:08.223000Z,SEK,XSTO,XSTO,MonetaryAmount,N,12-------PH---,000071227,680.4,35,,,
391,5248,2021-03-30 09:11:08,2021-03-30T08:11:08.223000Z,SE0000310336,2021-03-30 09:11:08,2021-03-30T08:11:08.223000Z,SEK,XSTO,XSTO,MonetaryAmount,N,12-------P----,000071228,680.4,15,,,
392,5247,2021-03-30 09:11:09,2021-03-30T08:11:09.160000Z,SE0000310336,2021-03-30 09:11:09,2021-03-30T08:11:09.163000Z,SEK,XSTO,XSTO,MonetaryAmount,N,12-------PH---,000071281,680.4,220,,,
393,5246,2021-03-30 09:11:14,2021-03-30T08:11:14.960000Z,SE0000310336,2021-03-30 09:11:14,2021-03-30T08:11:14.960000Z,SEK,XSTO,XSTO,MonetaryAmount,N,12-------PH---,000071717,680.6,1,,,
394,5245,2021-03-30 09:11:15,2021-03-30T08:11:15.957000Z,SE0000310336,2021-03-30 09:11:15,2021-03-30T08:11:15.957000Z,SEK,XSTO,XSTO,MonetaryAmount,N,12-------PH---,000071754,680.2,50,,,
395,5244,2021-03-30 09:11:15,2021-03-30T08:11:15.957000Z,SE0000310336,2021-03-30 09:11:15,2021-03-30T08:11:15.957000Z,SEK,XSTO,XSTO,MonetaryAmount,N,12-------PH---,000071755,680.2,125,,,
396,5243,2021-03-30 09:11:15,2021-03-30T08:11:15.957000Z,SE0000310336,2021-03-30 09:11:15,2021-03-30T08:11:15.957000Z,SEK,XSTO,XSTO,MonetaryAmount,N,12-------PH---,000071756,680.2,23,,,
397,5242,2021-03-30 09:11:15,2021-03-30T08:11:15.957000Z,SE0000310336,2021-03-30 09:11:15,2021-03-30T08:11:15.957000Z,SEK,XSTO,XSTO,MonetaryAmount,N,12-------PH---,000071757,680.2,24,,,
398,5241,2021-03-30 09:11:20,2021-03-30T08:11:20.717000Z,SE0000310336,2021-03-30 09:11:20,2021-03-30T08:11:20.717000Z,SEK,XSTO,XSTO,MonetaryAmount,N,12-------PH---,000071985,680.0,10,,,
399,5240,2021-03-30 09:11:20,2021-03-30T08:11:20.717000Z,SE0000310336,2021-03-30 09:11:20,2021-03-30T08:11:20.717000Z,SEK,XSTO,XSTO,MonetaryAmount,N,12-------PH---,000071986,680.0,90,,,
400,5239,2021-03-30 09:11:32,2021-03-30T08:11:32.020000Z,SE0000310336,2021-03-30 09:11:32,2021-03-30T08:11:32.020000Z,SEK,XSTO,XSTO,MonetaryAmount,N,12-------PH---,000072526,679.8,10,,,
401,5238,2021-03-30 09:11:40,2021-03-30T08:11:40.023000Z,SE0000310336,2021-03-30 09:11:40,2021-03-30T08:11:40.023000Z,SEK,XSTO,XSTO,MonetaryAmount,N,12-------PH---,000073087,679.8,80,,,
402,5237,2021-03-30 09:11:40,2021-03-30T08:11:40.023000Z,SE0000310336,2021-03-30 09:11:40,2021-03-30T08:11:40.023000Z,SEK,XSTO,XSTO,MonetaryAmount,N,12-------PH---,000073088,679.8,50,,,
403,5236,2021-03-30 09:11:57,2021-03-30T08:11:57.470000Z,SE0000310336,2021-03-30 09:11:57,2021-03-30T08:11:57.470000Z,SEK,XSTO,XSTO,MonetaryAmount,N,12-------PH---,000074157,679.6,2,,,
404,5235,2021-03-30 09:11:57,2021-03-30T08:11:57.470000Z,SE0000310336,2021-03-30 09:11:57,2021-03-30T08:11:57.470000Z,SEK,XSTO,XSTO,MonetaryAmount,N,12-------PH---,000074158,679.6,2,,,
405,5234,2021-03-30 09:12:01,2021-03-30T08:12:01.580000Z,SE0000310336,2021-03-30 09:12:01,2021-03-30T08:12:01.580000Z,SEK,XSTO,XSTO,MonetaryAmount,N,12-------PH---,000074371,679.6,5,,,
406,5233,2021-03-30 09:12:01,2021-03-30T08:12:01.580000Z,SE0000310336,2021-03-30 09:12:01,2021-03-30T08:12:01.580000Z,SEK,XSTO,XSTO,MonetaryAmount,N,12-------PH---,000074372,679.6,43,,,
407,5232,2021-03-30 09:12:01,2021-03-30T08:12:01.660000Z,SE0000310336,2021-03-30 09:12:01,2021-03-30T08:12:01.660000Z,SEK,XSTO,XSTO,MonetaryAmount,N,12-------PH---,000074376,679.8,9,,,
408,5231,2021-03-30 09:12:20,2021-03-30T08:12:20.580000Z,SE0000310336,2021-03-30 09:12:20,2021-03-30T08:12:20.580000Z,SEK,XSTO,XSTO,MonetaryAmount,N,12-------PH---,000075452,679.8,1,,,
409,5230,2021-03-30 09:12:24,2021-03-30T08:12:24.817000Z,SE0000310336,2021-03-30 09:12:24,2021-03-30T08:12:24.817000Z,SEK,XSTO,XSTO,MonetaryAmount,N,12-------PH---,000075626,679.6,1,,,
410,5229,2021-03-30 09:12:45,2021-03-30T08:12:45.747000Z,SE0000310336,2021-03-30 09:12:45,2021-03-30T08:12:45.747000Z,SEK,XSTO,XSTO,MonetaryAmount,N,12-------PH---,000076700,679.6,24,,,
411,5228,2021-03-30 09:13:00,2021-03-30T08:13:00.153000Z,SE0000310336,2021-03-30 09:13:00,2021-03-30T08:13:00.153000Z,SEK,DSTO,XSTO,MonetaryAmount,N,32D---S--PH---,000077388,679.5,48,,,Nordic@Mid trade
412,5227,2021-03-30 09:13:00,2021-03-30T08:13:00.153000Z,SE0000310336,2021-03-30 09:13:00,2021-03-30T08:13:00.153000Z,SEK,XSTO,XSTO,MonetaryAmount,N,12-------PH---,000077389,679.4,40,,,
413,5226,2021-03-30 09:13:00,2021-03-30T08:13:00.153000Z,SE0000310336,2021-03-30 09:13:00,2021-03-30T08:13:00.153000Z,SEK,XSTO,XSTO,MonetaryAmount,N,12-------PH---,000077390,679.4,122,,,
414,5225,2021-03-30 09:13:00,2021-03-30T08:13:00.153000Z,SE0000310336,2021-03-30 09:13:00,2021-03-30T08:13:00.153000Z,SEK,XSTO,XSTO,MonetaryAmount,N,12-------PH---,000077391,679.4,10,,,
415,5224,2021-03-30 09:13:00,2021-03-30T08:13:00.153000Z,SE0000310336,2021-03-30 09:13:00,2021-03-30T08:13:00.153000Z,SEK,XSTO,XSTO,MonetaryAmount,N,12-------PH---,000077392,679.4,4,,,
416,5223,2021-03-30 09:13:00,2021-03-30T08:13:00.153000Z,SE0000310336,2021-03-30 09:13:00,2021-03-30T08:13:00.153000Z,SEK,XSTO,XSTO,MonetaryAmount,N,12-------PH---,000077393,679.4,34,,,
417,5222,2021-03-30 09:13:25,2021-03-30T08:13:25.423000Z,SE0000310336,2021-03-30 09:13:25,2021-03-30T08:13:25.423000Z,SEK,XSTO,XSTO,MonetaryAmount,N,12-------PH---,000078955,679.4,5,,,
418,5221,2021-03-30 09:13:28,2021-03-30T08:13:28.483000Z,SE0000310336,2021-03-30 09:13:28,2021-03-30T08:13:28.483000Z,SEK,XSTO,XSTO,MonetaryAmount,N,12-------PH---,000079110,679.2,4,,,
419,5220,2021-03-30 09:13:28,2021-03-30T08:13:28.483000Z,SE0000310336,2021-03-30 09:13:28,2021-03-30T08:13:28.483000Z,SEK,XSTO,XSTO,MonetaryAmount,N,12-------PH---,000079111,679.2,6,,,
420,5219,2021-03-30 09:13:39,2021-03-30T08:13:39.637000Z,SE0000310336,2021-03-30 09:13:39,2021-03-30T08:13:39.637000Z,SEK,XSTO,XSTO,MonetaryAmount,N,12-------P----,000079696,679.2,31,,,
421,5218,2021-03-30 09:13:39,2021-03-30T08:13:39.637000Z,SE0000310336,2021-03-30 09:13:39,2021-03-30T08:13:39.637000Z,SEK,XSTO,XSTO,MonetaryAmount,N,12-------P----,000079697,679.2,43,,,
422,5217,2021-03-30 09:13:47,2021-03-30T08:13:47.603000Z,SE0000310336,2021-03-30 09:13:47,2021-03-30T08:13:47.603000Z,SEK,XSTO,XSTO,MonetaryAmount,N,12-------PH---,000080116,679.2,74,,,
423,5216,2021-03-30 09:13:47,2021-03-30T08:13:47.603000Z,SE0000310336,2021-03-30 09:13:47,2021-03-30T08:13:47.603000Z,SEK,XSTO,XSTO,MonetaryAmount,N,12-------PH---,000080117,679.2,16,,,
424,5215,2021-03-30 09:13:47,2021-03-30T08:13:47.603000Z,SE0000310336,2021-03-30 09:13:47,2021-03-30T08:13:47.603000Z,SEK,XSTO,XSTO,MonetaryAmount,N,12-------PH---,000080118,679.2,36,,,
425,5214,2021-03-30 09:14:32,2021-03-30T08:14:32.777000Z,SE0000310336,2021-03-30 09:14:32,2021-03-30T08:14:32.777000Z,SEK,XSTO,XSTO,MonetaryAmount,N,12-------P----,000082770,679.0,33,,,
426,5213,2021-03-30 09:14:32,2021-03-30T08:14:32.777000Z,SE0000310336,2021-03-30 09:14:32,2021-03-30T08:14:32.777000Z,SEK,XSTO,XSTO,MonetaryAmount,N,12-------PH---,000082771,679.0,4,,,
427,5212,2021-03-30 09:14:32,2021-03-30T08:14:32.777000Z,SE0000310336,2021-03-30 09:14:32,2021-03-30T08:14:32.777000Z,SEK,XSTO,XSTO,MonetaryAmount,N,12-------PH---,000082772,679.0,2,,,
428,5211,2021-03-30 09:14:32,2021-03-30T08:14:32.777000Z,SE0000310336,2021-03-30 09:14:32,2021-03-30T08:14:32.777000Z,SEK,XSTO,XSTO,MonetaryAmount,N,12-------PH---,000082773,679.0,12,,,
429,5210,2021-03-30 09:14:32,2021-03-30T08:14:32.777000Z,SE0000310336,2021-03-30 09:14:32,2021-03-30T08:14:32.777000Z,SEK,XSTO,XSTO,MonetaryAmount,N,12-------P----,000082774,679.0,32,,,
430,5209,2021-03-30 09:14:32,2021-03-30T08:14:32.777000Z,SE0000310336,2021-03-30 09:14:32,2021-03-30T08:14:32.777000Z,SEK,XSTO,XSTO,MonetaryAmount,N,12-------PH---,000082775,679.0,127,,,
431,5208,2021-03-30 09:14:32,2021-03-30T08:14:32.777000Z,SE0000310336,2021-03-30 09:14:32,2021-03-30T08:14:32.777000Z,SEK,XSTO,XSTO,MonetaryAmount,N,12-------P----,000082776,679.0,36,,,
432,5207,2021-03-30 09:14:32,2021-03-30T08:14:32.800000Z,SE0000310336,2021-03-30 09:14:32,2021-03-30T08:14:32.800000Z,SEK,XSTO,XSTO,MonetaryAmount,N,12-------PH---,000082778,679.0,3,,,
433,5206,2021-03-30 09:14:34,2021-03-30T08:14:34.197000Z,SE0000310336,2021-03-30 09:14:34,2021-03-30T08:14:34.197000Z,SEK,XSTO,XSTO,MonetaryAmount,N,12-------P----,000082867,678.8,34,,,
434,5205,2021-03-30 09:14:34,2021-03-30T08:14:34.197000Z,SE0000310336,2021-03-30 09:14:34,2021-03-30T08:14:34.197000Z,SEK,XSTO,XSTO,MonetaryAmount,N,12-------P----,000082868,678.8,146,,,
435,5204,2021-03-30 09:14:34,2021-03-30T08:14:34.227000Z,SE0000310336,2021-03-30 09:14:34,2021-03-30T08:14:34.227000Z,SEK,XSTO,XSTO,MonetaryAmount,N,12-------P----,000082869,678.8,28,,,
436,5203,2021-03-30 09:14:34,2021-03-30T08:14:34.910000Z,SE0000310336,2021-03-30 09:14:34,2021-03-30T08:14:34.910000Z,SEK,XSTO,XSTO,MonetaryAmount,N,12-------PH---,000082920,678.8,37,,,
437,5202,2021-03-30 09:14:37,2021-03-30T08:14:37.310000Z,SE0000310336,2021-03-30 09:14:37,2021-03-30T08:14:37.310000Z,SEK,XSTO,XSTO,MonetaryAmount,N,12-------PH---,000083052,678.8,90,,,
438,5201,2021-03-30 09:14:37,2021-03-30T08:14:37.310000Z,SE0000310336,2021-03-30 09:14:37,2021-03-30T08:14:37.310000Z,SEK,XSTO,XSTO,MonetaryAmount,N,12-------PH---,000083053,678.8,23,,,
439,5200,2021-03-30 09:14:37,2021-03-30T08:14:37.850000Z,SE0000310336,2021-03-30 09:14:37,2021-03-30T08:14:37.850000Z,SEK,XSTO,XSTO,MonetaryAmount,N,12-------PH---,000083088,678.8,14,,,
440,5199,2021-03-30 09:14:38,2021-03-30T08:14:38.000000Z,SE0000310336,2021-03-30 09:14:38,2021-03-30T08:14:38.000000Z,SEK,XSTO,XSTO,MonetaryAmount,N,12-------PH---,000083096,678.6,23,,,
441,5198,2021-03-30 09:14:38,2021-03-30T08:14:38.000000Z,SE0000310336,2021-03-30 09:14:38,2021-03-30T08:14:38.000000Z,SEK,XSTO,XSTO,MonetaryAmount,N,12-------PH---,000083097,678.6,27,,,
442,5197,2021-03-30 09:14:38,2021-03-30T08:14:38.010000Z,SE0000310336,2021-03-30 09:14:38,2021-03-30T08:14:38.010000Z,SEK,XSTO,XSTO,MonetaryAmount,N,12-------PH---,000083102,678.6,50,,,
443,5196,2021-03-30 09:14:38,2021-03-30T08:14:38.013000Z,SE0000310336,2021-03-30 09:14:38,2021-03-30T08:14:38.013000Z,SEK,XSTO,XSTO,MonetaryAmount,N,12-------PH---,000083103,678.6,273,,,
444,5195,2021-03-30 09:14:38,2021-03-30T08:14:38.013000Z,SE0000310336,2021-03-30 09:14:38,2021-03-30T08:14:38.013000Z,SEK,XSTO,XSTO,MonetaryAmount,N,12-------P----,000083104,678.6,33,,,
445,5194,2021-03-30 09:14:38,2021-03-30T08:14:38.013000Z,SE0000310336,2021-03-30 09:14:38,2021-03-30T08:14:38.013000Z,SEK,XSTO,XSTO,MonetaryAmount,N,12-------PH---,000083105,678.6,16,,,
446,5193,2021-03-30 09:14:38,2021-03-30T08:14:38.013000Z,SE0000310336,2021-03-30 09:14:38,2021-03-30T08:14:38.013000Z,SEK,XSTO,XSTO,MonetaryAmount,N,12-------PH---,000083106,678.6,116,,,
447,5192,2021-03-30 09:14:38,2021-03-30T08:14:38.013000Z,SE0000310336,2021-03-30 09:14:38,2021-03-30T08:14:38.013000Z,SEK,XSTO,XSTO,MonetaryAmount,N,12-------PH---,000083107,678.6,27,,,
448,5191,2021-03-30 09:14:38,2021-03-30T08:14:38.417000Z,SE0000310336,2021-03-30 09:14:38,2021-03-30T08:14:38.417000Z,SEK,XSTO,XSTO,MonetaryAmount,N,12-------PH---,000083225,678.4,1,,,
449,5190,2021-03-30 09:14:38,2021-03-30T08:14:38.417000Z,SE0000310336,2021-03-30 09:14:38,2021-03-30T08:14:38.417000Z,SEK,XSTO,XSTO,MonetaryAmount,N,12-------P----,000083226,678.4,37,,,
450,5189,2021-03-30 09:14:40,2021-03-30T08:14:40.637000Z,SE0000310336,2021-03-30 09:14:40,2021-03-30T08:14:40.637000Z,SEK,MSTO,XSTO,MonetaryAmount,N,5U-------PH---,000083408,678.5,15,,,Auction On Demand
451,5188,2021-03-30 09:14:42,2021-03-30T08:14:42.427000Z,SE0000310336,2021-03-30 09:14:42,2021-03-30T08:14:42.427000Z,SEK,XSTO,XSTO,MonetaryAmount,N,12-------PH---,000083493,678.6,8,,,
452,5187,2021-03-30 09:15:05,2021-03-30T08:15:05.500000Z,SE0000310336,2021-03-30 09:15:05,2021-03-30T08:15:05.500000Z,SEK,XSTO,XSTO,MonetaryAmount,N,12-------PH---,000084952,678.6,104,,,
453,5186,2021-03-30 09:15:05,2021-03-30T08:15:05.500000Z,SE0000310336,2021-03-30 09:15:05,2021-03-30T08:15:05.500000Z,SEK,XSTO,XSTO,MonetaryAmount,N,12-------PH---,000084953,678.6,70,,,
454,5185,2021-03-30 09:15:05,2021-03-30T08:15:05.500000Z,SE0000310336,2021-03-30 09:15:05,2021-03-30T08:15:05.500000Z,SEK,XSTO,XSTO,MonetaryAmount,N,12-------PH---,000084954,678.6,3,,,
455,5184,2021-03-30 09:15:05,2021-03-30T08:15:05.720000Z,SE0000310336,2021-03-30 09:15:05,2021-03-30T08:15:05.720000Z,SEK,XSTO,XSTO,MonetaryAmount,N,12-------PH---,000084989,678.8,24,,,
456,5183,2021-03-30 09:15:05,2021-03-30T08:15:05.720000Z,SE0000310336,2021-03-30 09:15:05,2021-03-30T08:15:05.720000Z,SEK,XSTO,XSTO,MonetaryAmount,N,12-------PH---,000084990,678.8,66,,,
457,5182,2021-03-30 09:15:05,2021-03-30T08:15:05.720000Z,SE0000310336,2021-03-30 09:15:05,2021-03-30T08:15:05.720000Z,SEK,XSTO,XSTO,MonetaryAmount,N,12-------P----,000084991,678.8,5,,,
458,5181,2021-03-30 09:15:24,2021-03-30T08:15:24.327000Z,SE0000310336,2021-03-30 09:15:24,2021-03-30T08:15:24.327000Z,SEK,XSTO,XSTO,MonetaryAmount,N,12-------PH---,000086217,678.6,1,,,
459,5180,2021-03-30 09:15:29,2021-03-30T08:15:29.213000Z,SE0000310336,2021-03-30 09:15:29,2021-03-30T08:15:29.213000Z,SEK,XSTO,XSTO,MonetaryAmount,N,12-------PH---,000086578,678.6,31,,,
460,5179,2021-03-30 09:15:29,2021-03-30T08:15:29.213000Z,SE0000310336,2021-03-30 09:15:29,2021-03-30T08:15:29.213000Z,SEK,XSTO,XSTO,MonetaryAmount,N,12-------PH---,000086579,678.6,16,,,
461,5178,2021-03-30 09:15:29,2021-03-30T08:15:29.213000Z,SE0000310336,2021-03-30 09:15:29,2021-03-30T08:15:29.213000Z,SEK,XSTO,XSTO,MonetaryAmount,N,12-------PH---,000086580,678.6,17,,,
462,5177,2021-03-30 09:15:29,2021-03-30T08:15:29.213000Z,SE0000310336,2021-03-30 09:15:29,2021-03-30T08:15:29.213000Z,SEK,XSTO,XSTO,MonetaryAmount,N,12-------PH---,000086581,678.6,7,,,
463,5176,2021-03-30 09:15:29,2021-03-30T08:15:29.213000Z,SE0000310336,2021-03-30 09:15:29,2021-03-30T08:15:29.213000Z,SEK,XSTO,XSTO,MonetaryAmount,N,12-------PH---,000086582,678.6,23,,,
464,5175,2021-03-30 09:15:40,2021-03-30T08:15:40.863000Z,SE0000310336,2021-03-30 09:15:40,2021-03-30T08:15:40.863000Z,SEK,XSTO,XSTO,MonetaryAmount,N,12-------PH---,000087185,678.6,17,,,
465,5174,2021-03-30 09:15:40,2021-03-30T08:15:40.863000Z,SE0000310336,2021-03-30 09:15:40,2021-03-30T08:15:40.863000Z,SEK,XSTO,XSTO,MonetaryAmount,N,12-------PH---,000087186,678.6,24,,,
466,5173,2021-03-30 09:15:40,2021-03-30T08:15:40.863000Z,SE0000310336,2021-03-30 09:15:40,2021-03-30T08:15:40.863000Z,SEK,XSTO,XSTO,MonetaryAmount,N,12-------PH---,000087187,678.6,79,,,
467,5172,2021-03-30 09:15:40,2021-03-30T08:15:40.863000Z,SE0000310336,2021-03-30 09:15:40,2021-03-30T08:15:40.863000Z,SEK,XSTO,XSTO,MonetaryAmount,N,12-------PH---,000087188,678.6,43,,,
468,5171,2021-03-30 09:15:40,2021-03-30T08:15:40.863000Z,SE0000310336,2021-03-30 09:15:40,2021-03-30T08:15:40.863000Z,SEK,XSTO,XSTO,MonetaryAmount,N,12-------PH---,000087189,678.6,77,,,
469,5170,2021-03-30 09:15:40,2021-03-30T08:15:40.863000Z,SE0000310336,2021-03-30 09:15:40,2021-03-30T08:15:40.863000Z,SEK,XSTO,XSTO,MonetaryAmount,N,12-------P----,000087190,678.6,1,,,
470,5169,2021-03-30 09:15:40,2021-03-30T08:15:40.863000Z,SE0000310336,2021-03-30 09:15:40,2021-03-30T08:15:40.863000Z,SEK,XSTO,XSTO,MonetaryAmount,N,12-------PH---,000087191,678.6,42,,,
471,5168,2021-03-30 09:15:41,2021-03-30T08:15:41.997000Z,SE0000310336,2021-03-30 09:15:41,2021-03-30T08:15:41.997000Z,SEK,XSTO,XSTO,MonetaryAmount,N,12-------PH---,000087262,678.4,37,,,
472,5167,2021-03-30 09:15:41,2021-03-30T08:15:41.997000Z,SE0000310336,2021-03-30 09:15:41,2021-03-30T08:15:41.997000Z,SEK,XSTO,XSTO,MonetaryAmount,N,12-------PH---,000087263,678.4,43,,,
473,5166,2021-03-30 09:15:42,2021-03-30T08:15:42.027000Z,SE0000310336,2021-03-30 09:15:42,2021-03-30T08:15:42.027000Z,SEK,XSTO,XSTO,MonetaryAmount,N,12-------PH---,000087264,678.6,10,,,
474,5165,2021-03-30 09:15:46,2021-03-30T08:15:46.340000Z,SE0000310336,2021-03-30 09:15:46,2021-03-30T08:15:46.340000Z,SEK,XSTO,XSTO,MonetaryAmount,N,12-------PH---,000087568,678.6,18,,,
475,5164,2021-03-30 09:15:46,2021-03-30T08:15:46.343000Z,SE0000310336,2021-03-30 09:15:46,2021-03-30T08:15:46.343000Z,SEK,XSTO,XSTO,MonetaryAmount,N,12-------PH---,000087569,678.6,40,,,
476,5163,2021-03-30 09:15:46,2021-03-30T08:15:46.350000Z,SE0000310336,2021-03-30 09:15:46,2021-03-30T08:15:46.350000Z,SEK,XSTO,XSTO,MonetaryAmount,N,12-------PH---,000087570,678.4,34,,,
477,5162,2021-03-30 09:15:51,2021-03-30T08:15:51.360000Z,SE0000310336,2021-03-30 09:15:51,2021-03-30T08:15:51.360000Z,SEK,XSTO,XSTO,MonetaryAmount,N,12-------PH---,000087885,678.6,1,,,
478,5161,2021-03-30 09:16:16,2021-03-30T08:16:16.740000Z,SE0000310336,2021-03-30 09:16:16,2021-03-30T08:16:16.740000Z,SEK,XSTO,XSTO,MonetaryAmount,N,12-------PH---,000089713,678.2,1,,,
479,5160,2021-03-30 09:16:16,2021-03-30T08:16:16.740000Z,SE0000310336,2021-03-30 09:16:16,2021-03-30T08:16:16.740000Z,SEK,XSTO,XSTO,MonetaryAmount,N,12-------PH---,000089714,678.2,19,,,
480,5159,2021-03-30 09:16:18,2021-03-30T08:16:18.117000Z,SE0000310336,2021-03-30 09:16:18,2021-03-30T08:16:18.117000Z,SEK,XSTO,XSTO,MonetaryAmount,N,12-------PH---,000089787,678.2,3,,,
481,5158,2021-03-30 09:16:18,2021-03-30T08:16:18.117000Z,SE0000310336,2021-03-30 09:16:18,2021-03-30T08:16:18.117000Z,SEK,XSTO,XSTO,MonetaryAmount,N,12-------PH---,000089788,678.2,13,,,
482,5157,2021-03-30 09:16:19,2021-03-30T08:16:19.363000Z,SE0000310336,2021-03-30 09:16:19,2021-03-30T08:16:19.363000Z,SEK,XSTO,XSTO,MonetaryAmount,N,12-------PH---,000089857,678.0,1,,,
483,5156,2021-03-30 09:16:19,2021-03-30T08:16:19.363000Z,SE0000310336,2021-03-30 09:16:19,2021-03-30T08:16:19.363000Z,SEK,XSTO,XSTO,MonetaryAmount,N,12-------PH---,000089858,678.0,86,,,
484,5155,2021-03-30 09:16:19,2021-03-30T08:16:19.363000Z,SE0000310336,2021-03-30 09:16:19,2021-03-30T08:16:19.363000Z,SEK,XSTO,XSTO,MonetaryAmount,N,12-------PH---,000089859,678.0,132,,,
485,5154,2021-03-30 09:16:19,2021-03-30T08:16:19.363000Z,SE0000310336,2021-03-30 09:16:19,2021-03-30T08:16:19.363000Z,SEK,XSTO,XSTO,MonetaryAmount,N,12-------P----,000089860,678.0,134,,,
486,5153,2021-03-30 09:16:19,2021-03-30T08:16:19.363000Z,SE0000310336,2021-03-30 09:16:19,2021-03-30T08:16:19.363000Z,SEK,XSTO,XSTO,MonetaryAmount,N,12-------PH---,000089861,678.0,100,,,
487,5152,2021-03-30 09:16:19,2021-03-30T08:16:19.363000Z,SE0000310336,2021-03-30 09:16:19,2021-03-30T08:16:19.363000Z,SEK,XSTO,XSTO,MonetaryAmount,N,12-------PH---,000089862,678.0,100,,,
488,5151,2021-03-30 09:16:19,2021-03-30T08:16:19.363000Z,SE0000310336,2021-03-30 09:16:19,2021-03-30T08:16:19.363000Z,SEK,XSTO,XSTO,MonetaryAmount,N,12-------P----,000089863,678.0,43,,,
489,5150,2021-03-30 09:16:19,2021-03-30T08:16:19.363000Z,SE0000310336,2021-03-30 09:16:19,2021-03-30T08:16:19.363000Z,SEK,XSTO,XSTO,MonetaryAmount,N,12-------P----,000089864,678.0,22,,,
490,5149,2021-03-30 09:16:19,2021-03-30T08:16:19.363000Z,SE0000310336,2021-03-30 09:16:19,2021-03-30T08:16:19.363000Z,SEK,XSTO,XSTO,MonetaryAmount,N,12-------P----,000089865,678.0,31,,,
491,5148,2021-03-30 09:16:19,2021-03-30T08:16:19.363000Z,SE0000310336,2021-03-30 09:16:19,2021-03-30T08:16:19.363000Z,SEK,XSTO,XSTO,MonetaryAmount,N,12-------P----,000089866,678.0,39,,,
492,5147,2021-03-30 09:16:21,2021-03-30T08:16:21.177000Z,SE0000310336,2021-03-30 09:16:21,2021-03-30T08:16:21.177000Z,SEK,XSTO,XSTO,MonetaryAmount,N,12-------PH---,000090029,678.0,87,,,
493,5146,2021-03-30 09:16:21,2021-03-30T08:16:21.177000Z,SE0000310336,2021-03-30 09:16:21,2021-03-30T08:16:21.177000Z,SEK,XSTO,XSTO,MonetaryAmount,N,12-------PH---,000090030,678.0,3,,,
494,5145,2021-03-30 09:16:21,2021-03-30T08:16:21.427000Z,SE0000310336,2021-03-30 09:16:21,2021-03-30T08:16:21.427000Z,SEK,XSTO,XSTO,MonetaryAmount,N,12-------PH---,000090045,678.0,159,,,
495,5144,2021-03-30 09:16:21,2021-03-30T08:16:21.427000Z,SE0000310336,2021-03-30 09:16:21,2021-03-30T08:16:21.427000Z,SEK,XSTO,XSTO,MonetaryAmount,N,12-------PH---,000090046,678.0,11,,,
496,5143,2021-03-30 09:16:21,2021-03-30T08:16:21.427000Z,SE0000310336,2021-03-30 09:16:21,2021-03-30T08:16:21.427000Z,SEK,XSTO,XSTO,MonetaryAmount,N,12-------PH---,000090047,678.0,26,,,
497,5142,2021-03-30 09:16:21,2021-03-30T08:16:21.900000Z,SE0000310336,2021-03-30 09:16:21,2021-03-30T08:16:21.900000Z,SEK,XSTO,XSTO,MonetaryAmount,N,12-------PH---,000090121,677.8,57,,,
498,5141,2021-03-30 09:16:21,2021-03-30T08:16:21.900000Z,SE0000310336,2021-03-30 09:16:21,2021-03-30T08:16:21.900000Z,SEK,XSTO,XSTO,MonetaryAmount,N,12-------PH---,000090122,677.8,29,,,
499,5140,2021-03-30 09:16:21,2021-03-30T08:16:21.900000Z,SE0000310336,2021-03-30 09:16:21,2021-03-30T08:16:21.900000Z,SEK,XSTO,XSTO,MonetaryAmount,N,12-------PH---,000090123,677.8,14,,,
500,5139,2021-03-30 09:16:22,2021-03-30T08:16:22.083000Z,SE0000310336,2021-03-30 09:16:22,2021-03-30T08:16:22.083000Z,SEK,XSTO,XSTO,MonetaryAmount,N,12-------PH---,000090130,677.8,13,,,
501,5138,2021-03-30 09:16:28,2021-03-30T08:16:28.980000Z,SE0000310336,2021-03-30 09:16:28,2021-03-30T08:16:28.980000Z,SEK,XSTO,XSTO,MonetaryAmount,N,12-------PH---,000090441,677.6,100,,,
502,5137,2021-03-30 09:16:28,2021-03-30T08:16:28.980000Z,SE0000310336,2021-03-30 09:16:28,2021-03-30T08:16:28.980000Z,SEK,XSTO,XSTO,MonetaryAmount,N,12-------PH---,000090442,677.6,39,,,
503,5136,2021-03-30 09:16:32,2021-03-30T08:16:32.990000Z,SE0000310336,2021-03-30 09:16:32,2021-03-30T08:16:32.990000Z,SEK,XSTO,XSTO,MonetaryAmount,N,12-------PH---,000090653,677.6,123,,,
504,5135,2021-03-30 09:16:32,2021-03-30T08:16:32.990000Z,SE0000310336,2021-03-30 09:16:32,2021-03-30T08:16:32.990000Z,SEK,XSTO,XSTO,MonetaryAmount,N,12-------PH---,000090654,677.6,9,,,
505,5134,2021-03-30 09:16:32,2021-03-30T08:16:32.990000Z,SE0000310336,2021-03-30 09:16:32,2021-03-30T08:16:32.990000Z,SEK,XSTO,XSTO,MonetaryAmount,N,12-------PH---,000090655,677.6,44,,,
506,5133,2021-03-30 09:16:33,2021-03-30T08:16:33.017000Z,SE0000310336,2021-03-30 09:16:33,2021-03-30T08:16:33.017000Z,SEK,XSTO,XSTO,MonetaryAmount,N,12-------PH---,000090658,677.6,90,,,
507,5132,2021-03-30 09:16:33,2021-03-30T08:16:33.017000Z,SE0000310336,2021-03-30 09:16:33,2021-03-30T08:16:33.017000Z,SEK,XSTO,XSTO,MonetaryAmount,N,12-------PH---,000090659,677.6,36,,,
508,5131,2021-03-30 09:16:33,2021-03-30T08:16:33.037000Z,SE0000310336,2021-03-30 09:16:33,2021-03-30T08:16:33.037000Z,SEK,XSTO,XSTO,MonetaryAmount,N,12-------PH---,000090661,677.6,88,,,
509,5130,2021-03-30 09:16:33,2021-03-30T08:16:33.037000Z,SE0000310336,2021-03-30 09:16:33,2021-03-30T08:16:33.037000Z,SEK,XSTO,XSTO,MonetaryAmount,N,12-------PH---,000090662,677.6,2,,,
510,5129,2021-03-30 09:16:33,2021-03-30T08:16:33.037000Z,SE0000310336,2021-03-30 09:16:33,2021-03-30T08:16:33.037000Z,SEK,XSTO,XSTO,MonetaryAmount,N,12-------PH---,000090663,677.6,100,,,
511,5128,2021-03-30 09:16:33,2021-03-30T08:16:33.037000Z,SE0000310336,2021-03-30 09:16:33,2021-03-30T08:16:33.037000Z,SEK,XSTO,XSTO,MonetaryAmount,N,12-------PH---,000090664,677.6,36,,,
512,5127,2021-03-30 09:16:33,2021-03-30T08:16:33.230000Z,SE0000310336,2021-03-30 09:16:33,2021-03-30T08:16:33.230000Z,SEK,XSTO,XSTO,MonetaryAmount,N,12-------PH---,000090671,677.4,2,,,
513,5126,2021-03-30 09:16:33,2021-03-30T08:16:33.230000Z,SE0000310336,2021-03-30 09:16:33,2021-03-30T08:16:33.230000Z,SEK,XSTO,XSTO,MonetaryAmount,N,12-------PH---,000090672,677.4,10,,,
514,5125,2021-03-30 09:16:33,2021-03-30T08:16:33.230000Z,SE0000310336,2021-03-30 09:16:33,2021-03-30T08:16:33.230000Z,SEK,XSTO,XSTO,MonetaryAmount,N,12-------PH---,000090673,677.4,144,,,
515,5124,2021-03-30 09:16:33,2021-03-30T08:16:33.230000Z,SE0000310336,2021-03-30 09:16:33,2021-03-30T08:16:33.230000Z,SEK,XSTO,XSTO,MonetaryAmount,N,12-------PH---,000090674,677.4,41,,,
516,5123,2021-03-30 09:16:46,2021-03-30T08:16:46.563000Z,SE0000310336,2021-03-30 09:16:46,2021-03-30T08:16:46.563000Z,SEK,XSTO,XSTO,MonetaryAmount,N,12-------PH---,000091461,677.6,54,,,
517,5122,2021-03-30 09:16:46,2021-03-30T08:16:46.563000Z,SE0000310336,2021-03-30 09:16:46,2021-03-30T08:16:46.563000Z,SEK,XSTO,XSTO,MonetaryAmount,N,12-------PH---,000091462,677.6,127,,,
518,5121,2021-03-30 09:16:46,2021-03-30T08:16:46.563000Z,SE0000310336,2021-03-30 09:16:46,2021-03-30T08:16:46.563000Z,SEK,XSTO,XSTO,MonetaryAmount,N,12-------PH---,000091463,677.6,71,,,
519,5120,2021-03-30 09:16:46,2021-03-30T08:16:46.563000Z,SE0000310336,2021-03-30 09:16:46,2021-03-30T08:16:46.563000Z,SEK,XSTO,XSTO,MonetaryAmount,N,12-------PH---,000091464,677.6,82,,,
520,5119,2021-03-30 09:16:46,2021-03-30T08:16:46.563000Z,SE0000310336,2021-03-30 09:16:46,2021-03-30T08:16:46.563000Z,SEK,XSTO,XSTO,MonetaryAmount,N,12-------PH---,000091465,677.6,78,,,
521,5118,2021-03-30 09:17:01,2021-03-30T08:17:01.893000Z,SE0000310336,2021-03-30 09:17:01,2021-03-30T08:17:01.893000Z,SEK,XSTO,XSTO,MonetaryAmount,N,12-------PH---,000092285,677.8,104,,,
522,5117,2021-03-30 09:17:01,2021-03-30T08:17:01.893000Z,SE0000310336,2021-03-30 09:17:01,2021-03-30T08:17:01.893000Z,SEK,XSTO,XSTO,MonetaryAmount,N,12-------PH---,000092286,677.8,7,,,
523,5116,2021-03-30 09:17:01,2021-03-30T08:17:01.893000Z,SE0000310336,2021-03-30 09:17:01,2021-03-30T08:17:01.893000Z,SEK,XSTO,XSTO,MonetaryAmount,N,12-------PH---,000092287,677.8,60,,,
524,5115,2021-03-30 09:17:02,2021-03-30T08:17:02.003000Z,SE0000310336,2021-03-30 09:17:02,2021-03-30T08:17:02.003000Z,SEK,XSTO,XSTO,MonetaryAmount,N,12-------PH---,000092303,677.8,42,,,
525,5114,2021-03-30 09:17:02,2021-03-30T08:17:02.003000Z,SE0000310336,2021-03-30 09:17:02,2021-03-30T08:17:02.003000Z,SEK,XSTO,XSTO,MonetaryAmount,N,12-------PH---,000092304,677.8,40,,,
526,5113,2021-03-30 09:17:02,2021-03-30T08:17:02.003000Z,SE0000310336,2021-03-30 09:17:02,2021-03-30T08:17:02.003000Z,SEK,XSTO,XSTO,MonetaryAmount,N,12-------P----,000092305,677.8,50,,,
527,5112,2021-03-30 09:17:02,2021-03-30T08:17:02.003000Z,SE0000310336,2021-03-30 09:17:02,2021-03-30T08:17:02.003000Z,SEK,XSTO,XSTO,MonetaryAmount,N,12-------PH---,000092306,677.8,21,,,
528,5111,2021-03-30 09:17:04,2021-03-30T08:17:04.717000Z,SE0000310336,2021-03-30 09:17:04,2021-03-30T08:17:04.717000Z,SEK,XSTO,XSTO,MonetaryAmount,N,12-------PH---,000092440,678.0,90,,,
529,5110,2021-03-30 09:17:04,2021-03-30T08:17:04.717000Z,SE0000310336,2021-03-30 09:17:04,2021-03-30T08:17:04.717000Z,SEK,XSTO,XSTO,MonetaryAmount,N,12-------P----,000092441,678.0,36,,,
530,5109,2021-03-30 09:17:04,2021-03-30T08:17:04.717000Z,SE0000310336,2021-03-30 09:17:04,2021-03-30T08:17:04.717000Z,SEK,XSTO,XSTO,MonetaryAmount,N,12-------P----,000092442,678.0,46,,,
531,5108,2021-03-30 09:17:04,2021-03-30T08:17:04.717000Z,SE0000310336,2021-03-30 09:17:04,2021-03-30T08:17:04.717000Z,SEK,XSTO,XSTO,MonetaryAmount,N,12-------P----,000092443,678.0,62,,,
532,5107,2021-03-30 09:17:04,2021-03-30T08:17:04.717000Z,SE0000310336,2021-03-30 09:17:04,2021-03-30T08:17:04.717000Z,SEK,XSTO,XSTO,MonetaryAmount,N,12-------PH---,000092444,678.0,10,,,
533,5106,2021-03-30 09:17:04,2021-03-30T08:17:04.717000Z,SE0000310336,2021-03-30 09:17:04,2021-03-30T08:17:04.717000Z,SEK,XSTO,XSTO,MonetaryAmount,N,12-------PH---,000092445,678.0,62,,,
