,index,ExecutionTime,ExecutionTimeUTC,ISIN,PublicationTime,PublicationTimeUTC,CCY,Venueofexecution(MICCode),Venueofpublication(MICCode),Pricenotation,Transactiontobecleared,MMTFlags,TransactionIDCode,Price,Volume,Buyer,Seller,Tradetype
0,15168,2021-04-06 09:00:04,2021-04-06T08:00:04.687000Z,SE0000310336,2021-04-06 09:00:04,2021-04-06T08:00:04.687000Z,SEK,XSTO,XSTO,MonetaryAmount,N,1O-------PH---,000041397,693.0,12,,,
1,15167,2021-04-06 09:00:04,2021-04-06T08:00:04.687000Z,SE0000310336,2021-04-06 09:00:04,2021-04-06T08:00:04.687000Z,SEK,XSTO,XSTO,MonetaryAmount,N,1O-------PH---,000041398,693.0,28,,,
2,15166,2021-04-06 09:00:04,2021-04-06T08:00:04.687000Z,SE0000310336,2021-04-06 09:00:04,2021-04-06T08:00:04.687000Z,SEK,XSTO,XSTO,MonetaryAmount,N,1O-------PH---,000041399,693.0,4,,,
3,15165,2021-04-06 09:00:04,2021-04-06T08:00:04.687000Z,SE0000310336,2021-04-06 09:00:04,2021-04-06T08:00:04.687000Z,SEK,XSTO,XSTO,MonetaryAmount,N,1O-------PH---,000041400,693.0,17,,,
4,15164,2021-04-06 09:00:04,2021-04-06T08:00:04.687000Z,SE0000310336,2021-04-06 09:00:04,2021-04-06T08:00:04.687000Z,SEK,XSTO,XSTO,MonetaryAmount,N,1O-------PH---,000041401,693.0,1,,,
5,15163,2021-04-06 09:00:04,2021-04-06T08:00:04.687000Z,SE0000310336,2021-04-06 09:00:04,2021-04-06T08:00:04.687000Z,SEK,XSTO,XSTO,MonetaryAmount,N,1O-------PH---,000041402,693.0,15,,,
6,15162,2021-04-06 09:00:04,2021-04-06T08:00:04.687000Z,SE0000310336,2021-04-06 09:00:04,2021-04-06T08:00:04.687000Z,SEK,XSTO,XSTO,MonetaryAmount,N,1O-------PH---,000041403,693.0,35,,,
7,15161,2021-04-06 09:00:04,2021-04-06T08:00:04.687000Z,SE0000310336,2021-04-06 09:00:04,2021-04-06T08:00:04.687000Z,SEK,XSTO,XSTO,MonetaryAmount,N,1O-------PH---,000041404,693.0,2,,,
8,15160,2021-04-06 09:00:04,2021-04-06T08:00:04.687000Z,SE0000310336,2021-04-06 09:00:04,2021-04-06T08:00:04.687000Z,SEK,XSTO,XSTO,MonetaryAmount,N,1O-------P----,000041405,693.0,244,,,
9,15159,2021-04-06 09:00:04,2021-04-06T08:00:04.687000Z,SE0000310336,2021-04-06 09:00:04,2021-04-06T08:00:04.687000Z,SEK,XSTO,XSTO,MonetaryAmount,N,1O-------PH---,000041406,693.0,1,,,
10,15158,2021-04-06 09:00:04,2021-04-06T08:00:04.687000Z,SE0000310336,2021-04-06 09:00:04,2021-04-06T08:00:04.687000Z,SEK,XSTO,XSTO,MonetaryAmount,N,1O-------PH---,000041407,693.0,17,,,
11,15157,2021-04-06 09:00:04,2021-04-06T08:00:04.687000Z,SE0000310336,2021-04-06 09:00:04,2021-04-06T08:00:04.687000Z,SEK,XSTO,XSTO,MonetaryAmount,N,1O-------PH---,000041408,693.0,8,,,
12,15156,2021-04-06 09:00:04,2021-04-06T08:00:04.687000Z,SE0000310336,2021-04-06 09:00:04,2021-04-06T08:00:04.687000Z,SEK,XSTO,XSTO,MonetaryAmount,N,1O-------PH---,000041409,693.0,9,,,
13,15155,2021-04-06 09:00:04,2021-04-06T08:00:04.687000Z,SE0000310336,2021-04-06 09:00:04,2021-04-06T08:00:04.687000Z,SEK,XSTO,XSTO,MonetaryAmount,N,1O-------PH---,000041410,693.0,13,,,
14,15154,2021-04-06 09:00:04,2021-04-06T08:00:04.687000Z,SE0000310336,2021-04-06 09:00:04,2021-04-06T08:00:04.687000Z,SEK,XSTO,XSTO,MonetaryAmount,N,1O-------P----,000041411,693.0,47,,,
15,15153,2021-04-06 09:00:04,2021-04-06T08:00:04.687000Z,SE0000310336,2021-04-06 09:00:04,2021-04-06T08:00:04.687000Z,SEK,XSTO,XSTO,MonetaryAmount,N,1O-------PH---,000041412,693.0,35,,,
16,15152,2021-04-06 09:00:04,2021-04-06T08:00:04.687000Z,SE0000310336,2021-04-06 09:00:04,2021-04-06T08:00:04.687000Z,SEK,XSTO,XSTO,MonetaryAmount,N,1O-------P----,000041413,693.0,73,,,
17,15151,2021-04-06 09:00:04,2021-04-06T08:00:04.687000Z,SE0000310336,2021-04-06 09:00:04,2021-04-06T08:00:04.687000Z,SEK,XSTO,XSTO,MonetaryAmount,N,1O-------P----,000041414,693.0,23,,,
18,15150,2021-04-06 09:00:04,2021-04-06T08:00:04.687000Z,SE0000310336,2021-04-06 09:00:04,2021-04-06T08:00:04.687000Z,SEK,XSTO,XSTO,MonetaryAmount,N,1O-------PH---,000041415,693.0,15,,,
19,15149,2021-04-06 09:00:04,2021-04-06T08:00:04.687000Z,SE0000310336,2021-04-06 09:00:04,2021-04-06T08:00:04.687000Z,SEK,XSTO,XSTO,MonetaryAmount,N,1O-------PH---,000041416,693.0,30,,,
20,15148,2021-04-06 09:00:04,2021-04-06T08:00:04.687000Z,SE0000310336,2021-04-06 09:00:04,2021-04-06T08:00:04.687000Z,SEK,XSTO,XSTO,MonetaryAmount,N,1O-------PH---,000041417,693.0,6,,,
21,15147,2021-04-06 09:00:04,2021-04-06T08:00:04.687000Z,SE0000310336,2021-04-06 09:00:04,2021-04-06T08:00:04.687000Z,SEK,XSTO,XSTO,MonetaryAmount,N,1O-------PH---,000041418,693.0,7,,,
22,15146,2021-04-06 09:00:04,2021-04-06T08:00:04.687000Z,SE0000310336,2021-04-06 09:00:04,2021-04-06T08:00:04.687000Z,SEK,XSTO,XSTO,MonetaryAmount,N,1O-------P----,000041419,693.0,466,,,
23,15145,2021-04-06 09:00:04,2021-04-06T08:00:04.687000Z,SE0000310336,2021-04-06 09:00:04,2021-04-06T08:00:04.687000Z,SEK,XSTO,XSTO,MonetaryAmount,N,1O-------P----,000041420,693.0,1,,,
24,15144,2021-04-06 09:00:04,2021-04-06T08:00:04.687000Z,SE0000310336,2021-04-06 09:00:04,2021-04-06T08:00:04.687000Z,SEK,XSTO,XSTO,MonetaryAmount,N,1O-------P----,000041421,693.0,51,,,
25,15143,2021-04-06 09:00:04,2021-04-06T08:00:04.687000Z,SE0000310336,2021-04-06 09:00:04,2021-04-06T08:00:04.687000Z,SEK,XSTO,XSTO,MonetaryAmount,N,1O-------P----,000041422,693.0,54,,,
26,15142,2021-04-06 09:00:04,2021-04-06T08:00:04.687000Z,SE0000310336,2021-04-06 09:00:04,2021-04-06T08:00:04.687000Z,SEK,XSTO,XSTO,MonetaryAmount,N,1O-------PH---,000041423,693.0,2,,,
27,15141,2021-04-06 09:00:04,2021-04-06T08:00:04.687000Z,SE0000310336,2021-04-06 09:00:04,2021-04-06T08:00:04.687000Z,SEK,XSTO,XSTO,MonetaryAmount,N,1O-------PH---,000041424,693.0,3,,,
28,15140,2021-04-06 09:00:04,2021-04-06T08:00:04.687000Z,SE0000310336,2021-04-06 09:00:04,2021-04-06T08:00:04.687000Z,SEK,XSTO,XSTO,MonetaryAmount,N,1O-------PH---,000041425,693.0,5,,,
29,15139,2021-04-06 09:00:04,2021-04-06T08:00:04.687000Z,SE0000310336,2021-04-06 09:00:04,2021-04-06T08:00:04.687000Z,SEK,XSTO,XSTO,MonetaryAmount,N,1O-------P----,000041426,693.0,382,,,
30,15138,2021-04-06 09:00:04,2021-04-06T08:00:04.687000Z,SE0000310336,2021-04-06 09:00:04,2021-04-06T08:00:04.687000Z,SEK,XSTO,XSTO,MonetaryAmount,N,1O-------PH---,000041427,693.0,1,,,
31,15137,2021-04-06 09:00:04,2021-04-06T08:00:04.687000Z,SE0000310336,2021-04-06 09:00:04,2021-04-06T08:00:04.687000Z,SEK,XSTO,XSTO,MonetaryAmount,N,1O-------PH---,000041428,693.0,43,,,
32,15136,2021-04-06 09:00:04,2021-04-06T08:00:04.687000Z,SE0000310336,2021-04-06 09:00:04,2021-04-06T08:00:04.687000Z,SEK,XSTO,XSTO,MonetaryAmount,N,1O-------PH---,000041429,693.0,91,,,
33,15135,2021-04-06 09:00:04,2021-04-06T08:00:04.687000Z,SE0000310336,2021-04-06 09:00:04,2021-04-06T08:00:04.687000Z,SEK,XSTO,XSTO,MonetaryAmount,N,1O-------PH---,000041430,693.0,15,,,
34,15134,2021-04-06 09:00:04,2021-04-06T08:00:04.687000Z,SE0000310336,2021-04-06 09:00:04,2021-04-06T08:00:04.687000Z,SEK,XSTO,XSTO,MonetaryAmount,N,1O-------PH---,000041431,693.0,222,,,
35,15133,2021-04-06 09:00:04,2021-04-06T08:00:04.687000Z,SE0000310336,2021-04-06 09:00:04,2021-04-06T08:00:04.687000Z,SEK,XSTO,XSTO,MonetaryAmount,N,1O-------PH---,000041432,693.0,90,,,
36,15132,2021-04-06 09:00:04,2021-04-06T08:00:04.687000Z,SE0000310336,2021-04-06 09:00:04,2021-04-06T08:00:04.687000Z,SEK,XSTO,XSTO,MonetaryAmount,N,1O-------PH---,000041433,693.0,5,,,
37,15131,2021-04-06 09:00:04,2021-04-06T08:00:04.687000Z,SE0000310336,2021-04-06 09:00:04,2021-04-06T08:00:04.687000Z,SEK,XSTO,XSTO,MonetaryAmount,N,1O-------PH---,000041434,693.0,245,,,
38,15130,2021-04-06 09:00:04,2021-04-06T08:00:04.687000Z,SE0000310336,2021-04-06 09:00:04,2021-04-06T08:00:04.687000Z,SEK,XSTO,XSTO,MonetaryAmount,N,1O-------PH---,000041435,693.0,1,,,
39,15129,2021-04-06 09:00:04,2021-04-06T08:00:04.687000Z,SE0000310336,2021-04-06 09:00:04,2021-04-06T08:00:04.687000Z,SEK,XSTO,XSTO,MonetaryAmount,N,1O-------PH---,000041436,693.0,2,,,
40,15128,2021-04-06 09:00:04,2021-04-06T08:00:04.687000Z,SE0000310336,2021-04-06 09:00:04,2021-04-06T08:00:04.687000Z,SEK,XSTO,XSTO,MonetaryAmount,N,1O-------PH---,000041437,693.0,8,,,
41,15127,2021-04-06 09:00:04,2021-04-06T08:00:04.687000Z,SE0000310336,2021-04-06 09:00:04,2021-04-06T08:00:04.687000Z,SEK,XSTO,XSTO,MonetaryAmount,N,1O-------PH---,000041438,693.0,5,,,
42,15126,2021-04-06 09:00:04,2021-04-06T08:00:04.687000Z,SE0000310336,2021-04-06 09:00:04,2021-04-06T08:00:04.687000Z,SEK,XSTO,XSTO,MonetaryAmount,N,1O-------PH---,000041439,693.0,39,,,
43,15125,2021-04-06 09:00:04,2021-04-06T08:00:04.687000Z,SE0000310336,2021-04-06 09:00:04,2021-04-06T08:00:04.687000Z,SEK,XSTO,XSTO,MonetaryAmount,N,1O-------PH---,000041440,693.0,72,,,
44,15124,2021-04-06 09:00:04,2021-04-06T08:00:04.687000Z,SE0000310336,2021-04-06 09:00:04,2021-04-06T08:00:04.687000Z,SEK,XSTO,XSTO,MonetaryAmount,N,1O-------PH---,000041441,693.0,18,,,
45,15123,2021-04-06 09:00:04,2021-04-06T08:00:04.687000Z,SE0000310336,2021-04-06 09:00:04,2021-04-06T08:00:04.687000Z,SEK,XSTO,XSTO,MonetaryAmount,N,1O-------PH---,000041442,693.0,520,,,
46,15122,2021-04-06 09:00:04,2021-04-06T08:00:04.687000Z,SE0000310336,2021-04-06 09:00:04,2021-04-06T08:00:04.687000Z,SEK,XSTO,XSTO,MonetaryAmount,N,1O-------PH---,000041443,693.0,81,,,
47,15121,2021-04-06 09:00:04,2021-04-06T08:00:04.687000Z,SE0000310336,2021-04-06 09:00:04,2021-04-06T08:00:04.687000Z,SEK,XSTO,XSTO,MonetaryAmount,N,1O-------PH---,000041444,693.0,64,,,
48,15120,2021-04-06 09:00:04,2021-04-06T08:00:04.687000Z,SE0000310336,2021-04-06 09:00:04,2021-04-06T08:00:04.687000Z,SEK,XSTO,XSTO,MonetaryAmount,N,1O-------PH---,000041445,693.0,2,,,
49,15119,2021-04-06 09:00:04,2021-04-06T08:00:04.687000Z,SE0000310336,2021-04-06 09:00:04,2021-04-06T08:00:04.687000Z,SEK,XSTO,XSTO,MonetaryAmount,N,1O-------PH---,000041446,693.0,39,,,
50,15118,2021-04-06 09:00:04,2021-04-06T08:00:04.687000Z,SE0000310336,2021-04-06 09:00:04,2021-04-06T08:00:04.687000Z,SEK,XSTO,XSTO,MonetaryAmount,N,1O-------PH---,000041447,693.0,1,,,
51,15117,2021-04-06 09:00:04,2021-04-06T08:00:04.687000Z,SE0000310336,2021-04-06 09:00:04,2021-04-06T08:00:04.687000Z,SEK,XSTO,XSTO,MonetaryAmount,N,1O-------PH---,000041448,693.0,90,,,
52,15116,2021-04-06 09:00:04,2021-04-06T08:00:04.687000Z,SE0000310336,2021-04-06 09:00:04,2021-04-06T08:00:04.687000Z,SEK,XSTO,XSTO,MonetaryAmount,N,1O-------PH---,000041449,693.0,58,,,
53,15115,2021-04-06 09:00:04,2021-04-06T08:00:04.687000Z,SE0000310336,2021-04-06 09:00:04,2021-04-06T08:00:04.687000Z,SEK,XSTO,XSTO,MonetaryAmount,N,1O-------PH---,000041450,693.0,1,,,
54,15114,2021-04-06 09:00:04,2021-04-06T08:00:04.687000Z,SE0000310336,2021-04-06 09:00:04,2021-04-06T08:00:04.687000Z,SEK,XSTO,XSTO,MonetaryAmount,N,1O-------PH---,000041451,693.0,5,,,
55,15113,2021-04-06 09:00:04,2021-04-06T08:00:04.687000Z,SE0000310336,2021-04-06 09:00:04,2021-04-06T08:00:04.687000Z,SEK,XSTO,XSTO,MonetaryAmount,N,1O-------P----,000041452,693.0,40,,,
56,15112,2021-04-06 09:00:04,2021-04-06T08:00:04.687000Z,SE0000310336,2021-04-06 09:00:04,2021-04-06T08:00:04.687000Z,SEK,XSTO,XSTO,MonetaryAmount,N,1O-------PH---,000041453,693.0,35,,,
57,15111,2021-04-06 09:00:04,2021-04-06T08:00:04.687000Z,SE0000310336,2021-04-06 09:00:04,2021-04-06T08:00:04.687000Z,SEK,XSTO,XSTO,MonetaryAmount,N,1O-------PH---,000041454,693.0,193,,,
58,15110,2021-04-06 09:00:04,2021-04-06T08:00:04.687000Z,SE0000310336,2021-04-06 09:00:04,2021-04-06T08:00:04.687000Z,SEK,XSTO,XSTO,MonetaryAmount,N,1O-------PH---,000041455,693.0,128,,,
59,15109,2021-04-06 09:00:04,2021-04-06T08:00:04.687000Z,SE0000310336,2021-04-06 09:00:04,2021-04-06T08:00:04.687000Z,SEK,XSTO,XSTO,MonetaryAmount,N,1O-------PH---,000041456,693.0,2,,,
60,15108,2021-04-06 09:00:04,2021-04-06T08:00:04.687000Z,SE0000310336,2021-04-06 09:00:04,2021-04-06T08:00:04.687000Z,SEK,XSTO,XSTO,MonetaryAmount,N,1O-------PH---,000041457,693.0,1,,,
61,15107,2021-04-06 09:00:04,2021-04-06T08:00:04.687000Z,SE0000310336,2021-04-06 09:00:04,2021-04-06T08:00:04.687000Z,SEK,XSTO,XSTO,MonetaryAmount,N,1O-------PH---,000041458,693.0,623,,,
62,15106,2021-04-06 09:00:04,2021-04-06T08:00:04.687000Z,SE0000310336,2021-04-06 09:00:04,2021-04-06T08:00:04.687000Z,SEK,XSTO,XSTO,MonetaryAmount,N,1O-------PH---,000041459,693.0,145,,,
63,15105,2021-04-06 09:00:04,2021-04-06T08:00:04.687000Z,SE0000310336,2021-04-06 09:00:04,2021-04-06T08:00:04.687000Z,SEK,XSTO,XSTO,MonetaryAmount,N,1O-------PH---,000041460,693.0,28,,,
64,15104,2021-04-06 09:00:04,2021-04-06T08:00:04.687000Z,SE0000310336,2021-04-06 09:00:04,2021-04-06T08:00:04.687000Z,SEK,XSTO,XSTO,MonetaryAmount,N,1O-------PH---,000041461,693.0,40,,,
65,15103,2021-04-06 09:00:04,2021-04-06T08:00:04.687000Z,SE0000310336,2021-04-06 09:00:04,2021-04-06T08:00:04.687000Z,SEK,XSTO,XSTO,MonetaryAmount,N,1O-------PH---,000041462,693.0,5,,,
66,15102,2021-04-06 09:00:04,2021-04-06T08:00:04.687000Z,SE0000310336,2021-04-06 09:00:04,2021-04-06T08:00:04.687000Z,SEK,XSTO,XSTO,MonetaryAmount,N,1O-------PH---,000041463,693.0,2,,,
67,15101,2021-04-06 09:00:04,2021-04-06T08:00:04.687000Z,SE0000310336,2021-04-06 09:00:04,2021-04-06T08:00:04.687000Z,SEK,XSTO,XSTO,MonetaryAmount,N,1O-------PH---,000041464,693.0,14,,,
68,15100,2021-04-06 09:00:04,2021-04-06T08:00:04.687000Z,SE0000310336,2021-04-06 09:00:04,2021-04-06T08:00:04.687000Z,SEK,XSTO,XSTO,MonetaryAmount,N,1O-------PH---,000041465,693.0,15,,,
69,15099,2021-04-06 09:00:04,2021-04-06T08:00:04.687000Z,SE0000310336,2021-04-06 09:00:04,2021-04-06T08:00:04.687000Z,SEK,XSTO,XSTO,MonetaryAmount,N,1O-------PH---,000041466,693.0,274,,,
70,15098,2021-04-06 09:00:04,2021-04-06T08:00:04.687000Z,SE0000310336,2021-04-06 09:00:04,2021-04-06T08:00:04.687000Z,SEK,XSTO,XSTO,MonetaryAmount,N,1O-------PH---,000041467,693.0,1165,,,
71,15097,2021-04-06 09:00:04,2021-04-06T08:00:04.687000Z,SE0000310336,2021-04-06 09:00:04,2021-04-06T08:00:04.687000Z,SEK,XSTO,XSTO,MonetaryAmount,N,1O-------PH---,000041468,693.0,127,,,
72,15096,2021-04-06 09:00:04,2021-04-06T08:00:04.687000Z,SE0000310336,2021-04-06 09:00:04,2021-04-06T08:00:04.687000Z,SEK,XSTO,XSTO,MonetaryAmount,N,1O-------PH---,000041469,693.0,1,,,
73,15095,2021-04-06 09:00:04,2021-04-06T08:00:04.687000Z,SE0000310336,2021-04-06 09:00:04,2021-04-06T08:00:04.687000Z,SEK,XSTO,XSTO,MonetaryAmount,N,1O-------PH---,000041470,693.0,33,,,
74,15094,2021-04-06 09:00:04,2021-04-06T08:00:04.687000Z,SE0000310336,2021-04-06 09:00:04,2021-04-06T08:00:04.687000Z,SEK,XSTO,XSTO,MonetaryAmount,N,1O-------PH---,000041471,693.0,33,,,
75,15093,2021-04-06 09:00:04,2021-04-06T08:00:04.687000Z,SE0000310336,2021-04-06 09:00:04,2021-04-06T08:00:04.687000Z,SEK,XSTO,XSTO,MonetaryAmount,N,1O-------PH---,000041472,693.0,33,,,
76,15092,2021-04-06 09:00:04,2021-04-06T08:00:04.687000Z,SE0000310336,2021-04-06 09:00:04,2021-04-06T08:00:04.687000Z,SEK,XSTO,XSTO,MonetaryAmount,N,1O-------PH---,000041473,693.0,66,,,
77,15091,2021-04-06 09:00:04,2021-04-06T08:00:04.687000Z,SE0000310336,2021-04-06 09:00:04,2021-04-06T08:00:04.687000Z,SEK,XSTO,XSTO,MonetaryAmount,N,1O-------P----,000041474,693.0,99,,,
78,15090,2021-04-06 09:00:04,2021-04-06T08:00:04.687000Z,SE0000310336,2021-04-06 09:00:04,2021-04-06T08:00:04.687000Z,SEK,XSTO,XSTO,MonetaryAmount,N,1O-------PH---,000041475,693.0,10,,,
79,15089,2021-04-06 09:00:04,2021-04-06T08:00:04.687000Z,SE0000310336,2021-04-06 09:00:04,2021-04-06T08:00:04.687000Z,SEK,XSTO,XSTO,MonetaryAmount,N,1O-------PH---,000041476,693.0,132,,,
80,15088,2021-04-06 09:00:04,2021-04-06T08:00:04.687000Z,SE0000310336,2021-04-06 09:00:04,2021-04-06T08:00:04.687000Z,SEK,XSTO,XSTO,MonetaryAmount,N,1O-------PH---,000041477,693.0,132,,,
81,15087,2021-04-06 09:00:04,2021-04-06T08:00:04.687000Z,SE0000310336,2021-04-06 09:00:04,2021-04-06T08:00:04.687000Z,SEK,XSTO,XSTO,MonetaryAmount,N,1O-------PH---,000041478,693.0,74,,,
82,15086,2021-04-06 09:00:04,2021-04-06T08:00:04.687000Z,SE0000310336,2021-04-06 09:00:04,2021-04-06T08:00:04.687000Z,SEK,XSTO,XSTO,MonetaryAmount,N,1O-------PH---,000041479,693.0,58,,,
83,15085,2021-04-06 09:00:04,2021-04-06T08:00:04.687000Z,SE0000310336,2021-04-06 09:00:04,2021-04-06T08:00:04.687000Z,SEK,XSTO,XSTO,MonetaryAmount,N,1O-------PH---,000041480,693.0,132,,,
84,15084,2021-04-06 09:00:04,2021-04-06T08:00:04.687000Z,SE0000310336,2021-04-06 09:00:04,2021-04-06T08:00:04.687000Z,SEK,XSTO,XSTO,MonetaryAmount,N,1O-------PH---,000041481,693.0,412,,,
85,15083,2021-04-06 09:00:04,2021-04-06T08:00:04.687000Z,SE0000310336,2021-04-06 09:00:04,2021-04-06T08:00:04.687000Z,SEK,XSTO,XSTO,MonetaryAmount,N,1O-------PH---,000041482,693.0,9,,,
86,15082,2021-04-06 09:00:04,2021-04-06T08:00:04.687000Z,SE0000310336,2021-04-06 09:00:04,2021-04-06T08:00:04.687000Z,SEK,XSTO,XSTO,MonetaryAmount,N,1O-------PH---,000041483,693.0,35,,,
87,15081,2021-04-06 09:00:04,2021-04-06T08:00:04.687000Z,SE0000310336,2021-04-06 09:00:04,2021-04-06T08:00:04.687000Z,SEK,XSTO,XSTO,MonetaryAmount,N,1O-------PH---,000041484,693.0,3,,,
88,15080,2021-04-06 09:00:04,2021-04-06T08:00:04.687000Z,SE0000310336,2021-04-06 09:00:04,2021-04-06T08:00:04.687000Z,SEK,XSTO,XSTO,MonetaryAmount,N,1O-------PH---,000041485,693.0,1,,,
89,15079,2021-04-06 09:00:04,2021-04-06T08:00:04.687000Z,SE0000310336,2021-04-06 09:00:04,2021-04-06T08:00:04.687000Z,SEK,XSTO,XSTO,MonetaryAmount,N,1O-------PH---,000041486,693.0,21,,,
90,15078,2021-04-06 09:00:04,2021-04-06T08:00:04.687000Z,SE0000310336,2021-04-06 09:00:04,2021-04-06T08:00:04.687000Z,SEK,XSTO,XSTO,MonetaryAmount,N,1O-------PH---,000041487,693.0,20,,,
91,15077,2021-04-06 09:00:04,2021-04-06T08:00:04.687000Z,SE0000310336,2021-04-06 09:00:04,2021-04-06T08:00:04.687000Z,SEK,XSTO,XSTO,MonetaryAmount,N,1O-------PH---,000041488,693.0,1,,,
92,15076,2021-04-06 09:00:04,2021-04-06T08:00:04.687000Z,SE0000310336,2021-04-06 09:00:04,2021-04-06T08:00:04.687000Z,SEK,XSTO,XSTO,MonetaryAmount,N,1O-------PH---,000041489,693.0,24,,,
93,15075,2021-04-06 09:00:04,2021-04-06T08:00:04.687000Z,SE0000310336,2021-04-06 09:00:04,2021-04-06T08:00:04.687000Z,SEK,XSTO,XSTO,MonetaryAmount,N,1O-------PH---,000041490,693.0,1,,,
94,15074,2021-04-06 09:00:04,2021-04-06T08:00:04.687000Z,SE0000310336,2021-04-06 09:00:04,2021-04-06T08:00:04.687000Z,SEK,XSTO,XSTO,MonetaryAmount,N,1O-------PH---,000041491,693.0,1,,,
95,15073,2021-04-06 09:00:04,2021-04-06T08:00:04.687000Z,SE0000310336,2021-04-06 09:00:04,2021-04-06T08:00:04.687000Z,SEK,XSTO,XSTO,MonetaryAmount,N,1O-------PH---,000041492,693.0,4,,,
96,15072,2021-04-06 09:00:04,2021-04-06T08:00:04.687000Z,SE0000310336,2021-04-06 09:00:04,2021-04-06T08:00:04.687000Z,SEK,XSTO,XSTO,MonetaryAmount,N,1O-------PH---,000041493,693.0,1,,,
97,15071,2021-04-06 09:00:04,2021-04-06T08:00:04.687000Z,SE0000310336,2021-04-06 09:00:04,2021-04-06T08:00:04.687000Z,SEK,XSTO,XSTO,MonetaryAmount,N,1O-------PH---,000041494,693.0,2,,,
98,15070,2021-04-06 09:00:04,2021-04-06T08:00:04.687000Z,SE0000310336,2021-04-06 09:00:04,2021-04-06T08:00:04.687000Z,SEK,XSTO,XSTO,MonetaryAmount,N,1O-------PH---,000041495,693.0,3,,,
99,15069,2021-04-06 09:00:04,2021-04-06T08:00:04.687000Z,SE0000310336,2021-04-06 09:00:04,2021-04-06T08:00:04.687000Z,SEK,XSTO,XSTO,MonetaryAmount,N,1O-------PH---,000041496,693.0,2,,,
100,15068,2021-04-06 09:00:04,2021-04-06T08:00:04.687000Z,SE0000310336,2021-04-06 09:00:04,2021-04-06T08:00:04.687000Z,SEK,XSTO,XSTO,MonetaryAmount,N,1O-------PH---,000041497,693.0,2,,,
101,15067,2021-04-06 09:00:04,2021-04-06T08:00:04.687000Z,SE0000310336,2021-04-06 09:00:04,2021-04-06T08:00:04.687000Z,SEK,XSTO,XSTO,MonetaryAmount,N,1O-------PH---,000041498,693.0,9,,,
102,15066,2021-04-06 09:00:04,2021-04-06T08:00:04.687000Z,SE0000310336,2021-04-06 09:00:04,2021-04-06T08:00:04.687000Z,SEK,XSTO,XSTO,MonetaryAmount,N,1O-------PH---,000041499,693.0,1,,,
103,15065,2021-04-06 09:00:04,2021-04-06T08:00:04.687000Z,SE0000310336,2021-04-06 09:00:04,2021-04-06T08:00:04.687000Z,SEK,XSTO,XSTO,MonetaryAmount,N,1O-------PH---,000041500,693.0,4,,,
104,15064,2021-04-06 09:00:04,2021-04-06T08:00:04.687000Z,SE0000310336,2021-04-06 09:00:04,2021-04-06T08:00:04.687000Z,SEK,XSTO,XSTO,MonetaryAmount,N,1O-------PH---,000041501,693.0,2,,,
105,15063,2021-04-06 09:00:04,2021-04-06T08:00:04.687000Z,SE0000310336,2021-04-06 09:00:04,2021-04-06T08:00:04.687000Z,SEK,XSTO,XSTO,MonetaryAmount,N,1O-------PH---,000041502,693.0,4,,,
106,15062,2021-04-06 09:00:04,2021-04-06T08:00:04.687000Z,SE0000310336,2021-04-06 09:00:04,2021-04-06T08:00:04.687000Z,SEK,XSTO,XSTO,MonetaryAmount,N,1O-------PH---,000041503,693.0,2,,,
107,15061,2021-04-06 09:00:04,2021-04-06T08:00:04.687000Z,SE0000310336,2021-04-06 09:00:04,2021-04-06T08:00:04.687000Z,SEK,XSTO,XSTO,MonetaryAmount,N,1O-------PH---,000041504,693.0,45,,,
108,15060,2021-04-06 09:00:04,2021-04-06T08:00:04.687000Z,SE0000310336,2021-04-06 09:00:04,2021-04-06T08:00:04.687000Z,SEK,XSTO,XSTO,MonetaryAmount,N,1O-------PH---,000041505,693.0,20,,,
109,15059,2021-04-06 09:00:04,2021-04-06T08:00:04.687000Z,SE0000310336,2021-04-06 09:00:04,2021-04-06T08:00:04.687000Z,SEK,XSTO,XSTO,MonetaryAmount,N,1O-------PH---,000041506,693.0,1,,,
110,15058,2021-04-06 09:00:04,2021-04-06T08:00:04.687000Z,SE0000310336,2021-04-06 09:00:04,2021-04-06T08:00:04.687000Z,SEK,XSTO,XSTO,MonetaryAmount,N,1O-------PH---,000041507,693.0,5,,,
111,15057,2021-04-06 09:00:04,2021-04-06T08:00:04.687000Z,SE0000310336,2021-04-06 09:00:04,2021-04-06T08:00:04.687000Z,SEK,XSTO,XSTO,MonetaryAmount,N,1O-------PH---,000041508,693.0,1,,,
112,15056,2021-04-06 09:00:04,2021-04-06T08:00:04.687000Z,SE0000310336,2021-04-06 09:00:04,2021-04-06T08:00:04.687000Z,SEK,XSTO,XSTO,MonetaryAmount,N,1O-------PH---,000041509,693.0,15,,,
113,15055,2021-04-06 09:00:04,2021-04-06T08:00:04.687000Z,SE0000310336,2021-04-06 09:00:04,2021-04-06T08:00:04.687000Z,SEK,XSTO,XSTO,MonetaryAmount,N,1O-------PH---,000041510,693.0,3,,,
114,15054,2021-04-06 09:00:04,2021-04-06T08:00:04.687000Z,SE0000310336,2021-04-06 09:00:04,2021-04-06T08:00:04.687000Z,SEK,XSTO,XSTO,MonetaryAmount,N,1O-------PH---,000041511,693.0,2,,,
115,15053,2021-04-06 09:00:04,2021-04-06T08:00:04.687000Z,SE0000310336,2021-04-06 09:00:04,2021-04-06T08:00:04.687000Z,SEK,XSTO,XSTO,MonetaryAmount,N,1O-------PH---,000041512,693.0,2,,,
116,15052,2021-04-06 09:00:04,2021-04-06T08:00:04.687000Z,SE0000310336,2021-04-06 09:00:04,2021-04-06T08:00:04.687000Z,SEK,XSTO,XSTO,MonetaryAmount,N,1O-------PH---,000041513,693.0,2,,,
117,15051,2021-04-06 09:00:04,2021-04-06T08:00:04.687000Z,SE0000310336,2021-04-06 09:00:04,2021-04-06T08:00:04.687000Z,SEK,XSTO,XSTO,MonetaryAmount,N,1O-------PH---,000041514,693.0,2,,,
118,15050,2021-04-06 09:00:04,2021-04-06T08:00:04.687000Z,SE0000310336,2021-04-06 09:00:04,2021-04-06T08:00:04.690000Z,SEK,XSTO,XSTO,MonetaryAmount,N,1O-------PH---,000041515,693.0,1,,,
119,15049,2021-04-06 09:00:04,2021-04-06T08:00:04.687000Z,SE0000310336,2021-04-06 09:00:04,2021-04-06T08:00:04.690000Z,SEK,XSTO,XSTO,MonetaryAmount,N,1O-------PH---,000041516,693.0,6,,,
120,15048,2021-04-06 09:00:04,2021-04-06T08:00:04.687000Z,SE0000310336,2021-04-06 09:00:04,2021-04-06T08:00:04.690000Z,SEK,XSTO,XSTO,MonetaryAmount,N,1O-------PH---,000041517,693.0,5,,,
121,15047,2021-04-06 09:00:04,2021-04-06T08:00:04.687000Z,SE0000310336,2021-04-06 09:00:04,2021-04-06T08:00:04.690000Z,SEK,XSTO,XSTO,MonetaryAmount,N,1O-------PH---,000041518,693.0,1,,,
122,15046,2021-04-06 09:00:04,2021-04-06T08:00:04.687000Z,SE0000310336,2021-04-06 09:00:04,2021-04-06T08:00:04.690000Z,SEK,XSTO,XSTO,MonetaryAmount,N,1O-------PH---,000041519,693.0,15,,,
123,15045,2021-04-06 09:00:04,2021-04-06T08:00:04.687000Z,SE0000310336,2021-04-06 09:00:04,2021-04-06T08:00:04.690000Z,SEK,XSTO,XSTO,MonetaryAmount,N,1O-------PH---,000041520,693.0,4,,,
124,15044,2021-04-06 09:00:04,2021-04-06T08:00:04.687000Z,SE0000310336,2021-04-06 09:00:04,2021-04-06T08:00:04.690000Z,SEK,XSTO,XSTO,MonetaryAmount,N,1O-------PH---,000041521,693.0,9,,,
125,15043,2021-04-06 09:00:04,2021-04-06T08:00:04.687000Z,SE0000310336,2021-04-06 09:00:04,2021-04-06T08:00:04.690000Z,SEK,XSTO,XSTO,MonetaryAmount,N,1O-------PH---,000041522,693.0,4,,,
126,15042,2021-04-06 09:00:04,2021-04-06T08:00:04.687000Z,SE0000310336,2021-04-06 09:00:04,2021-04-06T08:00:04.690000Z,SEK,XSTO,XSTO,MonetaryAmount,N,1O-------PH---,000041523,693.0,6,,,
127,15041,2021-04-06 09:00:04,2021-04-06T08:00:04.687000Z,SE0000310336,2021-04-06 09:00:04,2021-04-06T08:00:04.690000Z,SEK,XSTO,XSTO,MonetaryAmount,N,1O-------PH---,000041524,693.0,2,,,
128,15040,2021-04-06 09:00:04,2021-04-06T08:00:04.687000Z,SE0000310336,2021-04-06 09:00:04,2021-04-06T08:00:04.690000Z,SEK,XSTO,XSTO,MonetaryAmount,N,1O-------PH---,000041525,693.0,2,,,
129,15039,2021-04-06 09:00:04,2021-04-06T08:00:04.687000Z,SE0000310336,2021-04-06 09:00:04,2021-04-06T08:00:04.690000Z,SEK,XSTO,XSTO,MonetaryAmount,N,1O-------PH---,000041526,693.0,48,,,
130,15038,2021-04-06 09:00:04,2021-04-06T08:00:04.687000Z,SE0000310336,2021-04-06 09:00:04,2021-04-06T08:00:04.690000Z,SEK,XSTO,XSTO,MonetaryAmount,N,1O-------PH---,000041527,693.0,10,,,
131,15037,2021-04-06 09:00:04,2021-04-06T08:00:04.687000Z,SE0000310336,2021-04-06 09:00:04,2021-04-06T08:00:04.690000Z,SEK,XSTO,XSTO,MonetaryAmount,N,1O-------PH---,000041528,693.0,2,,,
132,15036,2021-04-06 09:00:04,2021-04-06T08:00:04.687000Z,SE0000310336,2021-04-06 09:00:04,2021-04-06T08:00:04.690000Z,SEK,XSTO,XSTO,MonetaryAmount,N,1O-------PH---,000041529,693.0,35,,,
133,15035,2021-04-06 09:00:04,2021-04-06T08:00:04.687000Z,SE0000310336,2021-04-06 09:00:04,2021-04-06T08:00:04.690000Z,SEK,XSTO,XSTO,MonetaryAmount,N,1O-------PH---,000041530,693.0,7,,,
134,15034,2021-04-06 09:00:04,2021-04-06T08:00:04.687000Z,SE0000310336,2021-04-06 09:00:04,2021-04-06T08:00:04.690000Z,SEK,XSTO,XSTO,MonetaryAmount,N,1O-------PH---,000041531,693.0,1,,,
135,15033,2021-04-06 09:00:04,2021-04-06T08:00:04.687000Z,SE0000310336,2021-04-06 09:00:04,2021-04-06T08:00:04.690000Z,SEK,XSTO,XSTO,MonetaryAmount,N,1O-------PH---,000041532,693.0,7,,,
136,15032,2021-04-06 09:00:04,2021-04-06T08:00:04.687000Z,SE0000310336,2021-04-06 09:00:04,2021-04-06T08:00:04.690000Z,SEK,XSTO,XSTO,MonetaryAmount,N,1O-------PH---,000041533,693.0,1,,,
137,15031,2021-04-06 09:00:04,2021-04-06T08:00:04.687000Z,SE0000310336,2021-04-06 09:00:04,2021-04-06T08:00:04.690000Z,SEK,XSTO,XSTO,MonetaryAmount,N,1O-------PH---,000041534,693.0,12,,,
138,15030,2021-04-06 09:00:04,2021-04-06T08:00:04.687000Z,SE0000310336,2021-04-06 09:00:04,2021-04-06T08:00:04.690000Z,SEK,XSTO,XSTO,MonetaryAmount,N,1O-------PH---,000041535,693.0,8,,,
139,15029,2021-04-06 09:00:04,2021-04-06T08:00:04.687000Z,SE0000310336,2021-04-06 09:00:04,2021-04-06T08:00:04.690000Z,SEK,XSTO,XSTO,MonetaryAmount,N,1O-------PH---,000041536,693.0,20,,,
140,15028,2021-04-06 09:00:04,2021-04-06T08:00:04.687000Z,SE0000310336,2021-04-06 09:00:04,2021-04-06T08:00:04.690000Z,SEK,XSTO,XSTO,MonetaryAmount,N,1O-------PH---,000041537,693.0,1,,,
141,15027,2021-04-06 09:00:04,2021-04-06T08:00:04.687000Z,SE0000310336,2021-04-06 09:00:04,2021-04-06T08:00:04.690000Z,SEK,XSTO,XSTO,MonetaryAmount,N,1O-------PH---,000041538,693.0,1,,,
142,15026,2021-04-06 09:00:04,2021-04-06T08:00:04.687000Z,SE0000310336,2021-04-06 09:00:04,2021-04-06T08:00:04.690000Z,SEK,XSTO,XSTO,MonetaryAmount,N,1O-------PH---,000041539,693.0,1,,,
143,15025,2021-04-06 09:00:04,2021-04-06T08:00:04.687000Z,SE0000310336,2021-04-06 09:00:04,2021-04-06T08:00:04.690000Z,SEK,XSTO,XSTO,MonetaryAmount,N,1O-------PH---,000041540,693.0,1,,,
144,15024,2021-04-06 09:00:04,2021-04-06T08:00:04.687000Z,SE0000310336,2021-04-06 09:00:04,2021-04-06T08:00:04.690000Z,SEK,XSTO,XSTO,MonetaryAmount,N,1O-------PH---,000041541,693.0,2,,,
145,15023,2021-04-06 09:00:04,2021-04-06T08:00:04.687000Z,SE0000310336,2021-04-06 09:00:04,2021-04-06T08:00:04.690000Z,SEK,XSTO,XSTO,MonetaryAmount,N,1O-------PH---,000041542,693.0,15,,,
146,15022,2021-04-06 09:00:04,2021-04-06T08:00:04.687000Z,SE0000310336,2021-04-06 09:00:04,2021-04-06T08:00:04.690000Z,SEK,XSTO,XSTO,MonetaryAmount,N,1O-------PH---,000041543,693.0,1,,,
147,15021,2021-04-06 09:00:04,2021-04-06T08:00:04.687000Z,SE0000310336,2021-04-06 09:00:04,2021-04-06T08:00:04.690000Z,SEK,XSTO,XSTO,MonetaryAmount,N,1O-------PH---,000041544,693.0,10,,,
148,15020,2021-04-06 09:00:04,2021-04-06T08:00:04.687000Z,SE0000310336,2021-04-06 09:00:04,2021-04-06T08:00:04.690000Z,SEK,XSTO,XSTO,MonetaryAmount,N,1O-------PH---,000041545,693.0,4,,,
149,15019,2021-04-06 09:00:04,2021-04-06T08:00:04.687000Z,SE0000310336,2021-04-06 09:00:04,2021-04-06T08:00:04.690000Z,SEK,XSTO,XSTO,MonetaryAmount,N,1O-------PH---,000041546,693.0,1,,,
150,15018,2021-04-06 09:00:04,2021-04-06T08:00:04.687000Z,SE0000310336,2021-04-06 09:00:04,2021-04-06T08:00:04.690000Z,SEK,XSTO,XSTO,MonetaryAmount,N,1O-------PH---,000041547,693.0,1,,,
151,15017,2021-04-06 09:00:04,2021-04-06T08:00:04.687000Z,SE0000310336,2021-04-06 09:00:04,2021-04-06T08:00:04.690000Z,SEK,XSTO,XSTO,MonetaryAmount,N,1O-------PH---,000041548,693.0,22,,,
152,15016,2021-04-06 09:00:04,2021-04-06T08:00:04.687000Z,SE0000310336,2021-04-06 09:00:04,2021-04-06T08:00:04.690000Z,SEK,XSTO,XSTO,MonetaryAmount,N,1O-------PH---,000041549,693.0,16,,,
153,15015,2021-04-06 09:00:04,2021-04-06T08:00:04.687000Z,SE0000310336,2021-04-06 09:00:04,2021-04-06T08:00:04.690000Z,SEK,XSTO,XSTO,MonetaryAmount,N,1O-------PH---,000041550,693.0,40,,,
154,15014,2021-04-06 09:00:04,2021-04-06T08:00:04.687000Z,SE0000310336,2021-04-06 09:00:04,2021-04-06T08:00:04.690000Z,SEK,XSTO,XSTO,MonetaryAmount,N,1O-------PH---,000041551,693.0,16,,,
155,15013,2021-04-06 09:00:04,2021-04-06T08:00:04.687000Z,SE0000310336,2021-04-06 09:00:04,2021-04-06T08:00:04.690000Z,SEK,XSTO,XSTO,MonetaryAmount,N,1O-------PH---,000041552,693.0,86,,,
156,15012,2021-04-06 09:00:04,2021-04-06T08:00:04.687000Z,SE0000310336,2021-04-06 09:00:04,2021-04-06T08:00:04.690000Z,SEK,XSTO,XSTO,MonetaryAmount,N,1O-------PH---,000041553,693.0,1,,,
157,15011,2021-04-06 09:00:04,2021-04-06T08:00:04.687000Z,SE0000310336,2021-04-06 09:00:04,2021-04-06T08:00:04.690000Z,SEK,XSTO,XSTO,MonetaryAmount,N,1O-------PH---,000041554,693.0,52,,,
158,15010,2021-04-06 09:00:04,2021-04-06T08:00:04.687000Z,SE0000310336,2021-04-06 09:00:04,2021-04-06T08:00:04.690000Z,SEK,XSTO,XSTO,MonetaryAmount,N,1O-------PH---,000041555,693.0,20,,,
159,15009,2021-04-06 09:00:04,2021-04-06T08:00:04.687000Z,SE0000310336,2021-04-06 09:00:04,2021-04-06T08:00:04.690000Z,SEK,XSTO,XSTO,MonetaryAmount,N,1O-------PH---,000041556,693.0,2,,,
160,15008,2021-04-06 09:00:04,2021-04-06T08:00:04.687000Z,SE0000310336,2021-04-06 09:00:04,2021-04-06T08:00:04.690000Z,SEK,XSTO,XSTO,MonetaryAmount,N,1O-------PH---,000041557,693.0,1,,,
161,15007,2021-04-06 09:00:04,2021-04-06T08:00:04.687000Z,SE0000310336,2021-04-06 09:00:04,2021-04-06T08:00:04.690000Z,SEK,XSTO,XSTO,MonetaryAmount,N,1O-------PH---,000041558,693.0,3,,,
162,15006,2021-04-06 09:00:04,2021-04-06T08:00:04.687000Z,SE0000310336,2021-04-06 09:00:04,2021-04-06T08:00:04.690000Z,SEK,XSTO,XSTO,MonetaryAmount,N,1O-------PH---,000041559,693.0,10,,,
163,15005,2021-04-06 09:00:04,2021-04-06T08:00:04.687000Z,SE0000310336,2021-04-06 09:00:04,2021-04-06T08:00:04.690000Z,SEK,XSTO,XSTO,MonetaryAmount,N,1O-------PH---,000041560,693.0,50,,,
164,15004,2021-04-06 09:00:04,2021-04-06T08:00:04.687000Z,SE0000310336,2021-04-06 09:00:04,2021-04-06T08:00:04.690000Z,SEK,XSTO,XSTO,MonetaryAmount,N,1O-------PH---,000041561,693.0,1,,,
165,15003,2021-04-06 09:00:04,2021-04-06T08:00:04.687000Z,SE0000310336,2021-04-06 09:00:04,2021-04-06T08:00:04.690000Z,SEK,XSTO,XSTO,MonetaryAmount,N,1O-------PH---,000041562,693.0,1,,,
166,15002,2021-04-06 09:00:04,2021-04-06T08:00:04.687000Z,SE0000310336,2021-04-06 09:00:04,2021-04-06T08:00:04.690000Z,SEK,XSTO,XSTO,MonetaryAmount,N,1O-------PH---,000041563,693.0,1,,,
167,15001,2021-04-06 09:00:04,2021-04-06T08:00:04.687000Z,SE0000310336,2021-04-06 09:00:04,2021-04-06T08:00:04.690000Z,SEK,XSTO,XSTO,MonetaryAmount,N,1O-------PH---,000041564,693.0,150,,,
168,15000,2021-04-06 09:00:04,2021-04-06T08:00:04.687000Z,SE0000310336,2021-04-06 09:00:04,2021-04-06T08:00:04.690000Z,SEK,XSTO,XSTO,MonetaryAmount,N,1O-------PH---,000041565,693.0,15,,,
169,14999,2021-04-06 09:00:04,2021-04-06T08:00:04.687000Z,SE0000310336,2021-04-06 09:00:04,2021-04-06T08:00:04.690000Z,SEK,XSTO,XSTO,MonetaryAmount,N,1O-------PH---,000041566,693.0,30,,,
170,14998,2021-04-06 09:00:04,2021-04-06T08:00:04.687000Z,SE0000310336,2021-04-06 09:00:04,2021-04-06T08:00:04.690000Z,SEK,XSTO,XSTO,MonetaryAmount,N,1O-------PH---,000041567,693.0,120,,,
171,14997,2021-04-06 09:00:04,2021-04-06T08:00:04.687000Z,SE0000310336,2021-04-06 09:00:04,2021-04-06T08:00:04.690000Z,SEK,XSTO,XSTO,MonetaryAmount,N,1O-------PH---,000041568,693.0,25,,,
172,14996,2021-04-06 09:00:04,2021-04-06T08:00:04.687000Z,SE0000310336,2021-04-06 09:00:04,2021-04-06T08:00:04.690000Z,SEK,XSTO,XSTO,MonetaryAmount,N,1O-------PH---,000041569,693.0,358,,,
173,14995,2021-04-06 09:00:04,2021-04-06T08:00:04.687000Z,SE0000310336,2021-04-06 09:00:04,2021-04-06T08:00:04.690000Z,SEK,XSTO,XSTO,MonetaryAmount,N,1O-------PH---,000041570,693.0,42,,,
174,14994,2021-04-06 09:00:04,2021-04-06T08:00:04.687000Z,SE0000310336,2021-04-06 09:00:04,2021-04-06T08:00:04.690000Z,SEK,XSTO,XSTO,MonetaryAmount,N,1O-------PH---,000041571,693.0,100,,,
175,14993,2021-04-06 09:00:04,2021-04-06T08:00:04.687000Z,SE0000310336,2021-04-06 09:00:04,2021-04-06T08:00:04.690000Z,SEK,XSTO,XSTO,MonetaryAmount,N,1O-------PH---,000041572,693.0,250,,,
176,14992,2021-04-06 09:00:04,2021-04-06T08:00:04.687000Z,SE0000310336,2021-04-06 09:00:04,2021-04-06T08:00:04.690000Z,SEK,XSTO,XSTO,MonetaryAmount,N,1O-------PH---,000041573,693.0,50,,,
177,14991,2021-04-06 09:00:04,2021-04-06T08:00:04.687000Z,SE0000310336,2021-04-06 09:00:04,2021-04-06T08:00:04.690000Z,SEK,XSTO,XSTO,MonetaryAmount,N,1O-------PH---,000041574,693.0,1,,,
178,14990,2021-04-06 09:00:04,2021-04-06T08:00:04.687000Z,SE0000310336,2021-04-06 09:00:04,2021-04-06T08:00:04.690000Z,SEK,XSTO,XSTO,MonetaryAmount,N,1O-------PH---,000041575,693.0,1,,,
179,14989,2021-04-06 09:00:04,2021-04-06T08:00:04.687000Z,SE0000310336,2021-04-06 09:00:04,2021-04-06T08:00:04.690000Z,SEK,XSTO,XSTO,MonetaryAmount,N,1O-------PH---,000041576,693.0,1,,,
180,14988,2021-04-06 09:00:04,2021-04-06T08:00:04.687000Z,SE0000310336,2021-04-06 09:00:04,2021-04-06T08:00:04.690000Z,SEK,XSTO,XSTO,MonetaryAmount,N,1O-------PH---,000041577,693.0,22,,,
181,14987,2021-04-06 09:00:04,2021-04-06T08:00:04.687000Z,SE0000310336,2021-04-06 09:00:04,2021-04-06T08:00:04.690000Z,SEK,XSTO,XSTO,MonetaryAmount,N,1O-------PH---,000041578,693.0,9,,,
182,14986,2021-04-06 09:00:04,2021-04-06T08:00:04.687000Z,SE0000310336,2021-04-06 09:00:04,2021-04-06T08:00:04.690000Z,SEK,XSTO,XSTO,MonetaryAmount,N,1O-------PH---,000041579,693.0,84,,,
183,14985,2021-04-06 09:00:04,2021-04-06T08:00:04.687000Z,SE0000310336,2021-04-06 09:00:04,2021-04-06T08:00:04.690000Z,SEK,XSTO,XSTO,MonetaryAmount,N,1O-------P----,000041580,693.0,7,,,
184,14984,2021-04-06 09:00:04,2021-04-06T08:00:04.687000Z,SE0000310336,2021-04-06 09:00:04,2021-04-06T08:00:04.690000Z,SEK,XSTO,XSTO,MonetaryAmount,N,1O-------P----,000041581,693.0,100,,,
185,14983,2021-04-06 09:00:04,2021-04-06T08:00:04.687000Z,SE0000310336,2021-04-06 09:00:04,2021-04-06T08:00:04.690000Z,SEK,XSTO,XSTO,MonetaryAmount,N,1O-------P----,000041582,693.0,100,,,
186,14982,2021-04-06 09:00:04,2021-04-06T08:00:04.687000Z,SE0000310336,2021-04-06 09:00:04,2021-04-06T08:00:04.690000Z,SEK,XSTO,XSTO,MonetaryAmount,N,1O-------PH---,000041583,693.0,27,,,
187,14981,2021-04-06 09:00:04,2021-04-06T08:00:04.687000Z,SE0000310336,2021-04-06 09:00:04,2021-04-06T08:00:04.690000Z,SEK,XSTO,XSTO,MonetaryAmount,N,1O-------P----,000041584,693.0,139,,,
188,14980,2021-04-06 09:00:04,2021-04-06T08:00:04.687000Z,SE0000310336,2021-04-06 09:00:04,2021-04-06T08:00:04.690000Z,SEK,XSTO,XSTO,MonetaryAmount,N,1O-------PH---,000041585,693.0,84,,,
189,14979,2021-04-06 09:00:04,2021-04-06T08:00:04.687000Z,SE0000310336,2021-04-06 09:00:04,2021-04-06T08:00:04.690000Z,SEK,XSTO,XSTO,MonetaryAmount,N,1O-------PH---,000041586,693.0,84,,,
190,14978,2021-04-06 09:00:04,2021-04-06T08:00:04.687000Z,SE0000310336,2021-04-06 09:00:04,2021-04-06T08:00:04.690000Z,SEK,XSTO,XSTO,MonetaryAmount,N,1O-------PH---,000041587,693.0,84,,,
191,14977,2021-04-06 09:00:04,2021-04-06T08:00:04.687000Z,SE0000310336,2021-04-06 09:00:04,2021-04-06T08:00:04.690000Z,SEK,XSTO,XSTO,MonetaryAmount,N,1O-------PH---,000041588,693.0,84,,,
192,14976,2021-04-06 09:00:04,2021-04-06T08:00:04.687000Z,SE0000310336,2021-04-06 09:00:04,2021-04-06T08:00:04.690000Z,SEK,XSTO,XSTO,MonetaryAmount,N,1O-------PH---,000041589,693.0,84,,,
193,14975,2021-04-06 09:00:04,2021-04-06T08:00:04.687000Z,SE0000310336,2021-04-06 09:00:04,2021-04-06T08:00:04.690000Z,SEK,XSTO,XSTO,MonetaryAmount,N,1O-------PH---,000041590,693.0,10,,,
194,14974,2021-04-06 09:00:04,2021-04-06T08:00:04.687000Z,SE0000310336,2021-04-06 09:00:04,2021-04-06T08:00:04.690000Z,SEK,XSTO,XSTO,MonetaryAmount,N,1O-------PH---,000041591,693.0,84,,,
195,14973,2021-04-06 09:00:04,2021-04-06T08:00:04.687000Z,SE0000310336,2021-04-06 09:00:04,2021-04-06T08:00:04.690000Z,SEK,XSTO,XSTO,MonetaryAmount,N,1O-------PH---,000041592,693.0,84,,,
196,14972,2021-04-06 09:00:04,2021-04-06T08:00:04.687000Z,SE0000310336,2021-04-06 09:00:04,2021-04-06T08:00:04.690000Z,SEK,XSTO,XSTO,MonetaryAmount,N,1O-------PH---,000041593,693.0,200,,,
197,14971,2021-04-06 09:00:04,2021-04-06T08:00:04.687000Z,SE0000310336,2021-04-06 09:00:04,2021-04-06T08:00:04.690000Z,SEK,XSTO,XSTO,MonetaryAmount,N,1O-------PH---,000041594,693.0,84,,,
198,14970,2021-04-06 09:00:04,2021-04-06T08:00:04.687000Z,SE0000310336,2021-04-06 09:00:04,2021-04-06T08:00:04.690000Z,SEK,XSTO,XSTO,MonetaryAmount,N,1O-------PH---,000041595,693.0,1245,,,
199,14969,2021-04-06 09:00:04,2021-04-06T08:00:04.687000Z,SE0000310336,2021-04-06 09:00:04,2021-04-06T08:00:04.690000Z,SEK,XSTO,XSTO,MonetaryAmount,N,1O-------P----,000041596,693.0,634,,,
200,14968,2021-04-06 09:00:04,2021-04-06T08:00:04.687000Z,SE0000310336,2021-04-06 09:00:04,2021-04-06T08:00:04.690000Z,SEK,XSTO,XSTO,MonetaryAmount,N,1O-------P----,000041597,693.0,61,,,
201,14967,2021-04-06 09:00:04,2021-04-06T08:00:04.687000Z,SE0000310336,2021-04-06 09:00:04,2021-04-06T08:00:04.690000Z,SEK,XSTO,XSTO,MonetaryAmount,N,1O-------PH---,000041598,693.0,84,,,
202,14966,2021-04-06 09:00:04,2021-04-06T08:00:04.687000Z,SE0000310336,2021-04-06 09:00:04,2021-04-06T08:00:04.690000Z,SEK,XSTO,XSTO,MonetaryAmount,N,1O-------PH---,000041599,693.0,84,,,
203,14965,2021-04-06 09:00:04,2021-04-06T08:00:04.687000Z,SE0000310336,2021-04-06 09:00:04,2021-04-06T08:00:04.690000Z,SEK,XSTO,XSTO,MonetaryAmount,N,1O-------PH---,000041600,693.0,40,,,
204,14964,2021-04-06 09:00:04,2021-04-06T08:00:04.687000Z,SE0000310336,2021-04-06 09:00:04,2021-04-06T08:00:04.690000Z,SEK,XSTO,XSTO,MonetaryAmount,N,1O-------PH---,000041601,693.0,10,,,
205,14963,2021-04-06 09:00:04,2021-04-06T08:00:04.687000Z,SE0000310336,2021-04-06 09:00:04,2021-04-06T08:00:04.690000Z,SEK,XSTO,XSTO,MonetaryAmount,N,1O-------PH---,000041602,693.0,5,,,
206,14962,2021-04-06 09:00:04,2021-04-06T08:00:04.687000Z,SE0000310336,2021-04-06 09:00:04,2021-04-06T08:00:04.690000Z,SEK,XSTO,XSTO,MonetaryAmount,N,1O-------PH---,000041603,693.0,4,,,
207,14961,2021-04-06 09:00:04,2021-04-06T08:00:04.687000Z,SE0000310336,2021-04-06 09:00:04,2021-04-06T08:00:04.690000Z,SEK,XSTO,XSTO,MonetaryAmount,N,1O-------PH---,000041604,693.0,84,,,
208,14960,2021-04-06 09:00:04,2021-04-06T08:00:04.687000Z,SE0000310336,2021-04-06 09:00:04,2021-04-06T08:00:04.690000Z,SEK,XSTO,XSTO,MonetaryAmount,N,1O-------PH---,000041605,693.0,1,,,
209,14959,2021-04-06 09:00:04,2021-04-06T08:00:04.687000Z,SE0000310336,2021-04-06 09:00:04,2021-04-06T08:00:04.690000Z,SEK,XSTO,XSTO,MonetaryAmount,N,1O-------PH---,000041606,693.0,84,,,
210,14958,2021-04-06 09:00:04,2021-04-06T08:00:04.687000Z,SE0000310336,2021-04-06 09:00:04,2021-04-06T08:00:04.690000Z,SEK,XSTO,XSTO,MonetaryAmount,N,1O-------P----,000041607,693.0,31,,,
211,14957,2021-04-06 09:00:04,2021-04-06T08:00:04.687000Z,SE0000310336,2021-04-06 09:00:04,2021-04-06T08:00:04.690000Z,SEK,XSTO,XSTO,MonetaryAmount,N,1O-------PH---,000041608,693.0,1,,,
212,14956,2021-04-06 09:00:04,2021-04-06T08:00:04.687000Z,SE0000310336,2021-04-06 09:00:04,2021-04-06T08:00:04.690000Z,SEK,XSTO,XSTO,MonetaryAmount,N,1O-------PH---,000041609,693.0,28,,,
213,14955,2021-04-06 09:00:04,2021-04-06T08:00:04.687000Z,SE0000310336,2021-04-06 09:00:04,2021-04-06T08:00:04.690000Z,SEK,XSTO,XSTO,MonetaryAmount,N,1O-------P----,000041610,693.0,61,,,
214,14954,2021-04-06 09:00:04,2021-04-06T08:00:04.687000Z,SE0000310336,2021-04-06 09:00:04,2021-04-06T08:00:04.690000Z,SEK,XSTO,XSTO,MonetaryAmount,N,1O-------PH---,000041611,693.0,74,,,
215,14953,2021-04-06 09:00:04,2021-04-06T08:00:04.687000Z,SE0000310336,2021-04-06 09:00:04,2021-04-06T08:00:04.690000Z,SEK,XSTO,XSTO,MonetaryAmount,N,1O-------PH---,000041612,693.0,2,,,
216,14952,2021-04-06 09:00:04,2021-04-06T08:00:04.687000Z,SE0000310336,2021-04-06 09:00:04,2021-04-06T08:00:04.690000Z,SEK,XSTO,XSTO,MonetaryAmount,N,1O-------P----,000041613,693.0,61,,,
217,14951,2021-04-06 09:00:04,2021-04-06T08:00:04.687000Z,SE0000310336,2021-04-06 09:00:04,2021-04-06T08:00:04.690000Z,SEK,XSTO,XSTO,MonetaryAmount,N,1O-------PH---,000041614,693.0,84,,,
218,14950,2021-04-06 09:00:04,2021-04-06T08:00:04.687000Z,SE0000310336,2021-04-06 09:00:04,2021-04-06T08:00:04.690000Z,SEK,XSTO,XSTO,MonetaryAmount,N,1O-------P----,000041615,693.0,61,,,
219,14949,2021-04-06 09:00:04,2021-04-06T08:00:04.687000Z,SE0000310336,2021-04-06 09:00:04,2021-04-06T08:00:04.690000Z,SEK,XSTO,XSTO,MonetaryAmount,N,1O-------P----,000041616,693.0,61,,,
220,14948,2021-04-06 09:00:04,2021-04-06T08:00:04.687000Z,SE0000310336,2021-04-06 09:00:04,2021-04-06T08:00:04.690000Z,SEK,XSTO,XSTO,MonetaryAmount,N,1O-------PH---,000041617,693.0,84,,,
221,14947,2021-04-06 09:00:04,2021-04-06T08:00:04.687000Z,SE0000310336,2021-04-06 09:00:04,2021-04-06T08:00:04.690000Z,SEK,XSTO,XSTO,MonetaryAmount,N,1O-------PH---,000041618,693.0,25,,,
222,14946,2021-04-06 09:00:04,2021-04-06T08:00:04.687000Z,SE0000310336,2021-04-06 09:00:04,2021-04-06T08:00:04.690000Z,SEK,XSTO,XSTO,MonetaryAmount,N,1O-------P----,000041619,693.0,125,,,
223,14945,2021-04-06 09:00:04,2021-04-06T08:00:04.687000Z,SE0000310336,2021-04-06 09:00:04,2021-04-06T08:00:04.690000Z,SEK,XSTO,XSTO,MonetaryAmount,N,1O-------PH---,000041620,693.0,2,,,
224,14944,2021-04-06 09:00:04,2021-04-06T08:00:04.687000Z,SE0000310336,2021-04-06 09:00:04,2021-04-06T08:00:04.690000Z,SEK,XSTO,XSTO,MonetaryAmount,N,1O-------PH---,000041621,693.0,5,,,
225,14943,2021-04-06 09:00:04,2021-04-06T08:00:04.687000Z,SE0000310336,2021-04-06 09:00:04,2021-04-06T08:00:04.690000Z,SEK,XSTO,XSTO,MonetaryAmount,N,1O-------PH---,000041622,693.0,4,,,
226,14942,2021-04-06 09:00:04,2021-04-06T08:00:04.687000Z,SE0000310336,2021-04-06 09:00:04,2021-04-06T08:00:04.690000Z,SEK,XSTO,XSTO,MonetaryAmount,N,1O-------PH---,000041623,693.0,35,,,
227,14941,2021-04-06 09:00:04,2021-04-06T08:00:04.687000Z,SE0000310336,2021-04-06 09:00:04,2021-04-06T08:00:04.690000Z,SEK,XSTO,XSTO,MonetaryAmount,N,1O-------PH---,000041624,693.0,15,,,
228,14940,2021-04-06 09:00:04,2021-04-06T08:00:04.687000Z,SE0000310336,2021-04-06 09:00:04,2021-04-06T08:00:04.690000Z,SEK,XSTO,XSTO,MonetaryAmount,N,1O-------PH---,000041625,693.0,2,,,
229,14939,2021-04-06 09:00:04,2021-04-06T08:00:04.687000Z,SE0000310336,2021-04-06 09:00:04,2021-04-06T08:00:04.693000Z,SEK,XSTO,XSTO,MonetaryAmount,N,1O-------PH---,000041626,693.0,200,,,
230,14938,2021-04-06 09:00:04,2021-04-06T08:00:04.687000Z,SE0000310336,2021-04-06 09:00:04,2021-04-06T08:00:04.693000Z,SEK,XSTO,XSTO,MonetaryAmount,N,1O-------PH---,000041627,693.0,2,,,
231,14937,2021-04-06 09:00:04,2021-04-06T08:00:04.687000Z,SE0000310336,2021-04-06 09:00:04,2021-04-06T08:00:04.693000Z,SEK,XSTO,XSTO,MonetaryAmount,N,1O-------PH---,000041628,693.0,84,,,
232,14936,2021-04-06 09:00:04,2021-04-06T08:00:04.687000Z,SE0000310336,2021-04-06 09:00:04,2021-04-06T08:00:04.693000Z,SEK,XSTO,XSTO,MonetaryAmount,N,12-------PH---,000041630,693.0,100,,,
233,14935,2021-04-06 09:00:04,2021-04-06T08:00:04.687000Z,SE0000310336,2021-04-06 09:00:04,2021-04-06T08:00:04.693000Z,SEK,XSTO,XSTO,MonetaryAmount,N,12-------PH---,000041631,693.0,100,,,
234,14934,2021-04-06 09:00:04,2021-04-06T08:00:04.687000Z,SE0000310336,2021-04-06 09:00:04,2021-04-06T08:00:04.693000Z,SEK,XSTO,XSTO,MonetaryAmount,N,12-------PH---,000041632,693.0,100,,,
235,14933,2021-04-06 09:00:04,2021-04-06T08:00:04.687000Z,SE0000310336,2021-04-06 09:00:04,2021-04-06T08:00:04.693000Z,SEK,XSTO,XSTO,MonetaryAmount,N,12-------PH---,000041633,693.0,100,,,
236,14932,2021-04-06 09:00:04,2021-04-06T08:00:04.687000Z,SE0000310336,2021-04-06 09:00:04,2021-04-06T08:00:04.693000Z,SEK,XSTO,XSTO,MonetaryAmount,N,12-------PH---,000041634,693.0,100,,,
237,14931,2021-04-06 09:00:04,2021-04-06T08:00:04.717000Z,SE0000310336,2021-04-06 09:00:04,2021-04-06T08:00:04.717000Z,SEK,XSTO,XSTO,MonetaryAmount,N,12-------PH---,000041955,692.8,8,,,
238,14930,2021-04-06 09:00:04,2021-04-06T08:00:04.717000Z,SE0000310336,2021-04-06 09:00:04,2021-04-06T08:00:04.717000Z,SEK,XSTO,XSTO,MonetaryAmount,N,12-------PH---,000041956,692.8,20,,,
239,14929,2021-04-06 09:00:04,2021-04-06T08:00:04.717000Z,SE0000310336,2021-04-06 09:00:04,2021-04-06T08:00:04.717000Z,SEK,XSTO,XSTO,MonetaryAmount,N,12-------PH---,000041985,692.8,40,,,
240,14928,2021-04-06 09:00:04,2021-04-06T08:00:04.877000Z,SE0000310336,2021-04-06 09:00:04,2021-04-06T08:00:04.877000Z,SEK,XSTO,XSTO,MonetaryAmount,N,12-------PH---,000042510,693.0,41,,,
241,14927,2021-04-06 09:00:04,2021-04-06T08:00:04.877000Z,SE0000310336,2021-04-06 09:00:04,2021-04-06T08:00:04.877000Z,SEK,XSTO,XSTO,MonetaryAmount,N,12-------PH---,000042511,693.0,59,,,
242,14926,2021-04-06 09:00:04,2021-04-06T08:00:04.877000Z,SE0000310336,2021-04-06 09:00:04,2021-04-06T08:00:04.877000Z,SEK,XSTO,XSTO,MonetaryAmount,N,12-------PH---,000042512,693.0,80,,,
243,14925,2021-04-06 09:00:04,2021-04-06T08:00:04.877000Z,SE0000310336,2021-04-06 09:00:04,2021-04-06T08:00:04.877000Z,SEK,XSTO,XSTO,MonetaryAmount,N,12-------PH---,000042513,693.0,20,,,
244,14924,2021-04-06 09:00:04,2021-04-06T08:00:04.877000Z,SE0000310336,2021-04-06 09:00:04,2021-04-06T08:00:04.877000Z,SEK,XSTO,XSTO,MonetaryAmount,N,12-------PH---,000042514,693.0,21,,,
245,14923,2021-04-06 09:00:04,2021-04-06T08:00:04.877000Z,SE0000310336,2021-04-06 09:00:04,2021-04-06T08:00:04.877000Z,SEK,XSTO,XSTO,MonetaryAmount,N,12-------PH---,000042515,693.0,139,,,
246,14922,2021-04-06 09:00:05,2021-04-06T08:00:05.047000Z,SE0000310336,2021-04-06 09:00:05,2021-04-06T08:00:05.087000Z,SEK,XSTO,XSTO,MonetaryAmount,N,12-------PH---,000045213,692.6,90,,,
247,14921,2021-04-06 09:00:05,2021-04-06T08:00:05.047000Z,SE0000310336,2021-04-06 09:00:05,2021-04-06T08:00:05.087000Z,SEK,XSTO,XSTO,MonetaryAmount,N,12-------PH---,000045214,692.6,1,,,
248,14920,2021-04-06 09:00:05,2021-04-06T08:00:05.047000Z,SE0000310336,2021-04-06 09:00:05,2021-04-06T08:00:05.087000Z,SEK,XSTO,XSTO,MonetaryAmount,N,12-------PH---,000045215,692.6,207,,,
249,14919,2021-04-06 09:00:05,2021-04-06T08:00:05.047000Z,SE0000310336,2021-04-06 09:00:05,2021-04-06T08:00:05.087000Z,SEK,XSTO,XSTO,MonetaryAmount,N,12-------PH---,000045216,692.6,72,,,
250,14918,2021-04-06 09:00:05,2021-04-06T08:00:05.397000Z,SE0000310336,2021-04-06 09:00:05,2021-04-06T08:00:05.397000Z,SEK,XSTO,XSTO,MonetaryAmount,N,12-------PH---,000045328,692.8,72,,,
251,14917,2021-04-06 09:00:06,2021-04-06T08:00:06.143000Z,SE0000310336,2021-04-06 09:00:06,2021-04-06T08:00:06.143000Z,SEK,XSTO,XSTO,MonetaryAmount,N,12-------PH---,000045419,692.6,66,,,
252,14916,2021-04-06 09:00:06,2021-04-06T08:00:06.720000Z,SE0000310336,2021-04-06 09:00:06,2021-04-06T08:00:06.720000Z,SEK,MSTO,XSTO,MonetaryAmount,N,5U-------PH---,000045498,692.6,70,,,Auction On Demand
253,14915,2021-04-06 09:00:07,2021-04-06T08:00:07.023000Z,SE0000310336,2021-04-06 09:00:07,2021-04-06T08:00:07.023000Z,SEK,MSTO,XSTO,MonetaryAmount,N,5U-------PH---,000045545,692.6,45,,,Auction On Demand
254,14914,2021-04-06 09:00:08,2021-04-06T08:00:08.543000Z,SE0000310336,2021-04-06 09:00:08,2021-04-06T08:00:08.547000Z,SEK,XSTO,XSTO,MonetaryAmount,N,12-------PH---,000045813,692.4,1,,,
255,14913,2021-04-06 09:00:08,2021-04-06T08:00:08.543000Z,SE0000310336,2021-04-06 09:00:08,2021-04-06T08:00:08.547000Z,SEK,XSTO,XSTO,MonetaryAmount,N,12-------PH---,000045814,692.4,500,,,
256,14912,2021-04-06 09:00:08,2021-04-06T08:00:08.543000Z,SE0000310336,2021-04-06 09:00:08,2021-04-06T08:00:08.547000Z,SEK,XSTO,XSTO,MonetaryAmount,N,12-------PH---,000045815,692.4,7,,,
257,14911,2021-04-06 09:00:08,2021-04-06T08:00:08.547000Z,SE0000310336,2021-04-06 09:00:08,2021-04-06T08:00:08.547000Z,SEK,XSTO,XSTO,MonetaryAmount,N,12-------PH---,000045816,692.4,75,,,
258,14910,2021-04-06 09:00:08,2021-04-06T08:00:08.623000Z,SE0000310336,2021-04-06 09:00:08,2021-04-06T08:00:08.623000Z,SEK,XSTO,XSTO,MonetaryAmount,N,12-------PH---,000045829,692.2,2,,,
259,14909,2021-04-06 09:00:08,2021-04-06T08:00:08.623000Z,SE0000310336,2021-04-06 09:00:08,2021-04-06T08:00:08.623000Z,SEK,XSTO,XSTO,MonetaryAmount,N,12-------PH---,000045830,692.2,1,,,
260,14908,2021-04-06 09:00:08,2021-04-06T08:00:08.623000Z,SE0000310336,2021-04-06 09:00:08,2021-04-06T08:00:08.623000Z,SEK,XSTO,XSTO,MonetaryAmount,N,12-------PH---,000045831,692.2,4,,,
261,14907,2021-04-06 09:00:08,2021-04-06T08:00:08.623000Z,SE0000310336,2021-04-06 09:00:08,2021-04-06T08:00:08.623000Z,SEK,XSTO,XSTO,MonetaryAmount,N,12-------PH---,000045832,692.2,57,,,
262,14906,2021-04-06 09:00:08,2021-04-06T08:00:08.623000Z,SE0000310336,2021-04-06 09:00:08,2021-04-06T08:00:08.623000Z,SEK,XSTO,XSTO,MonetaryAmount,N,12-------PH---,000045833,692.2,18,,,
263,14905,2021-04-06 09:00:08,2021-04-06T08:00:08.637000Z,SE0000310336,2021-04-06 09:00:08,2021-04-06T08:00:08.637000Z,SEK,XSTO,XSTO,MonetaryAmount,N,12-------PH---,000045834,692.2,75,,,
264,14904,2021-04-06 09:00:08,2021-04-06T08:00:08.660000Z,SE0000310336,2021-04-06 09:00:08,2021-04-06T08:00:08.660000Z,SEK,XSTO,XSTO,MonetaryAmount,N,12-------PH---,000045842,692.2,96,,,
265,14903,2021-04-06 09:00:08,2021-04-06T08:00:08.660000Z,SE0000310336,2021-04-06 09:00:08,2021-04-06T08:00:08.660000Z,SEK,XSTO,XSTO,MonetaryAmount,N,12-------PH---,000045843,692.2,122,,,
266,14902,2021-04-06 09:00:08,2021-04-06T08:00:08.787000Z,SE0000310336,2021-04-06 09:00:08,2021-04-06T08:00:08.787000Z,SEK,XSTO,XSTO,MonetaryAmount,N,12-------PH---,000045891,692.0,1,,,
267,14901,2021-04-06 09:00:08,2021-04-06T08:00:08.787000Z,SE0000310336,2021-04-06 09:00:08,2021-04-06T08:00:08.787000Z,SEK,XSTO,XSTO,MonetaryAmount,N,12-------PH---,000045892,692.0,5,,,
268,14900,2021-04-06 09:00:08,2021-04-06T08:00:08.787000Z,SE0000310336,2021-04-06 09:00:08,2021-04-06T08:00:08.787000Z,SEK,XSTO,XSTO,MonetaryAmount,N,12-------PH---,000045893,692.0,2,,,
269,14899,2021-04-06 09:00:08,2021-04-06T08:00:08.787000Z,SE0000310336,2021-04-06 09:00:08,2021-04-06T08:00:08.787000Z,SEK,XSTO,XSTO,MonetaryAmount,N,12-------PH---,000045894,692.0,5,,,
270,14898,2021-04-06 09:00:08,2021-04-06T08:00:08.787000Z,SE0000310336,2021-04-06 09:00:08,2021-04-06T08:00:08.787000Z,SEK,XSTO,XSTO,MonetaryAmount,N,12-------PH---,000045895,692.0,1,,,
271,14897,2021-04-06 09:00:08,2021-04-06T08:00:08.787000Z,SE0000310336,2021-04-06 09:00:08,2021-04-06T08:00:08.787000Z,SEK,XSTO,XSTO,MonetaryAmount,N,12-------PH---,000045896,692.0,2,,,
272,14896,2021-04-06 09:00:08,2021-04-06T08:00:08.787000Z,SE0000310336,2021-04-06 09:00:08,2021-04-06T08:00:08.787000Z,SEK,XSTO,XSTO,MonetaryAmount,N,12-------PH---,000045897,692.0,2,,,
273,14895,2021-04-06 09:00:08,2021-04-06T08:00:08.787000Z,SE0000310336,2021-04-06 09:00:08,2021-04-06T08:00:08.787000Z,SEK,XSTO,XSTO,MonetaryAmount,N,12-------PH---,000045898,692.0,100,,,
274,14894,2021-04-06 09:00:08,2021-04-06T08:00:08.787000Z,SE0000310336,2021-04-06 09:00:08,2021-04-06T08:00:08.787000Z,SEK,XSTO,XSTO,MonetaryAmount,N,12-------PH---,000045899,692.0,1,,,
275,14893,2021-04-06 09:00:08,2021-04-06T08:00:08.787000Z,SE0000310336,2021-04-06 09:00:08,2021-04-06T08:00:08.787000Z,SEK,XSTO,XSTO,MonetaryAmount,N,12-------PH---,000045900,692.0,2,,,
276,14892,2021-04-06 09:00:08,2021-04-06T08:00:08.787000Z,SE0000310336,2021-04-06 09:00:08,2021-04-06T08:00:08.787000Z,SEK,XSTO,XSTO,MonetaryAmount,N,12-------PH---,000045901,692.0,1,,,
277,14891,2021-04-06 09:00:08,2021-04-06T08:00:08.787000Z,SE0000310336,2021-04-06 09:00:08,2021-04-06T08:00:08.787000Z,SEK,XSTO,XSTO,MonetaryAmount,N,12-------PH---,000045902,692.0,1,,,
278,14890,2021-04-06 09:00:08,2021-04-06T08:00:08.787000Z,SE0000310336,2021-04-06 09:00:08,2021-04-06T08:00:08.787000Z,SEK,XSTO,XSTO,MonetaryAmount,N,12-------PH---,000045903,692.0,12,,,
279,14889,2021-04-06 09:00:08,2021-04-06T08:00:08.787000Z,SE0000310336,2021-04-06 09:00:08,2021-04-06T08:00:08.787000Z,SEK,XSTO,XSTO,MonetaryAmount,N,12-------PH---,000045904,692.0,10,,,
280,14888,2021-04-06 09:00:08,2021-04-06T08:00:08.787000Z,SE0000310336,2021-04-06 09:00:08,2021-04-06T08:00:08.787000Z,SEK,XSTO,XSTO,MonetaryAmount,N,12-------PH---,000045905,692.0,1,,,
281,14887,2021-04-06 09:00:08,2021-04-06T08:00:08.787000Z,SE0000310336,2021-04-06 09:00:08,2021-04-06T08:00:08.787000Z,SEK,XSTO,XSTO,MonetaryAmount,N,12-------PH---,000045906,692.0,7,,,
282,14886,2021-04-06 09:00:08,2021-04-06T08:00:08.787000Z,SE0000310336,2021-04-06 09:00:08,2021-04-06T08:00:08.787000Z,SEK,XSTO,XSTO,MonetaryAmount,N,12-------PH---,000045907,692.0,43,,,
283,14885,2021-04-06 09:00:08,2021-04-06T08:00:08.787000Z,SE0000310336,2021-04-06 09:00:08,2021-04-06T08:00:08.787000Z,SEK,XSTO,XSTO,MonetaryAmount,N,12-------PH---,000045908,692.0,1,,,
284,14884,2021-04-06 09:00:08,2021-04-06T08:00:08.787000Z,SE0000310336,2021-04-06 09:00:08,2021-04-06T08:00:08.787000Z,SEK,XSTO,XSTO,MonetaryAmount,N,12-------PH---,000045909,692.0,1,,,
285,14883,2021-04-06 09:00:08,2021-04-06T08:00:08.787000Z,SE0000310336,2021-04-06 09:00:08,2021-04-06T08:00:08.787000Z,SEK,XSTO,XSTO,MonetaryAmount,N,12-------PH---,000045910,692.0,2,,,
286,14882,2021-04-06 09:00:08,2021-04-06T08:00:08.787000Z,SE0000310336,2021-04-06 09:00:08,2021-04-06T08:00:08.787000Z,SEK,XSTO,XSTO,MonetaryAmount,N,12-------PH---,000045911,692.0,5,,,
287,14881,2021-04-06 09:00:08,2021-04-06T08:00:08.787000Z,SE0000310336,2021-04-06 09:00:08,2021-04-06T08:00:08.787000Z,SEK,XSTO,XSTO,MonetaryAmount,N,12-------PH---,000045912,692.0,4,,,
288,14880,2021-04-06 09:00:08,2021-04-06T08:00:08.787000Z,SE0000310336,2021-04-06 09:00:08,2021-04-06T08:00:08.787000Z,SEK,XSTO,XSTO,MonetaryAmount,N,12-------PH---,000045913,692.0,5,,,
289,14879,2021-04-06 09:00:08,2021-04-06T08:00:08.787000Z,SE0000310336,2021-04-06 09:00:08,2021-04-06T08:00:08.787000Z,SEK,XSTO,XSTO,MonetaryAmount,N,12-------PH---,000045914,692.0,1,,,
290,14878,2021-04-06 09:00:08,2021-04-06T08:00:08.787000Z,SE0000310336,2021-04-06 09:00:08,2021-04-06T08:00:08.787000Z,SEK,XSTO,XSTO,MonetaryAmount,N,12-------PH---,000045915,692.0,1,,,
291,14877,2021-04-06 09:00:08,2021-04-06T08:00:08.787000Z,SE0000310336,2021-04-06 09:00:08,2021-04-06T08:00:08.787000Z,SEK,XSTO,XSTO,MonetaryAmount,N,12-------PH---,000045916,692.0,6,,,
292,14876,2021-04-06 09:00:08,2021-04-06T08:00:08.787000Z,SE0000310336,2021-04-06 09:00:08,2021-04-06T08:00:08.787000Z,SEK,XSTO,XSTO,MonetaryAmount,N,12-------PH---,000045917,692.0,14,,,
293,14875,2021-04-06 09:00:08,2021-04-06T08:00:08.787000Z,SE0000310336,2021-04-06 09:00:08,2021-04-06T08:00:08.787000Z,SEK,XSTO,XSTO,MonetaryAmount,N,12-------PH---,000045918,692.0,2,,,
294,14874,2021-04-06 09:00:08,2021-04-06T08:00:08.787000Z,SE0000310336,2021-04-06 09:00:08,2021-04-06T08:00:08.787000Z,SEK,XSTO,XSTO,MonetaryAmount,N,12-------PH---,000045919,692.0,1,,,
295,14873,2021-04-06 09:00:08,2021-04-06T08:00:08.787000Z,SE0000310336,2021-04-06 09:00:08,2021-04-06T08:00:08.787000Z,SEK,XSTO,XSTO,MonetaryAmount,N,12-------PH---,000045920,692.0,1,,,
296,14872,2021-04-06 09:00:08,2021-04-06T08:00:08.787000Z,SE0000310336,2021-04-06 09:00:08,2021-04-06T08:00:08.787000Z,SEK,XSTO,XSTO,MonetaryAmount,N,12-------PH---,000045921,692.0,1,,,
297,14871,2021-04-06 09:00:08,2021-04-06T08:00:08.787000Z,SE0000310336,2021-04-06 09:00:08,2021-04-06T08:00:08.787000Z,SEK,XSTO,XSTO,MonetaryAmount,N,12-------PH---,000045922,692.0,1,,,
298,14870,2021-04-06 09:00:08,2021-04-06T08:00:08.787000Z,SE0000310336,2021-04-06 09:00:08,2021-04-06T08:00:08.787000Z,SEK,XSTO,XSTO,MonetaryAmount,N,12-------PH---,000045923,692.0,1,,,
299,14869,2021-04-06 09:00:08,2021-04-06T08:00:08.787000Z,SE0000310336,2021-04-06 09:00:08,2021-04-06T08:00:08.787000Z,SEK,XSTO,XSTO,MonetaryAmount,N,12-------PH---,000045924,692.0,3,,,
300,14868,2021-04-06 09:00:08,2021-04-06T08:00:08.787000Z,SE0000310336,2021-04-06 09:00:08,2021-04-06T08:00:08.787000Z,SEK,XSTO,XSTO,MonetaryAmount,N,12-------PH---,000045925,692.0,2,,,
301,14867,2021-04-06 09:00:08,2021-04-06T08:00:08.787000Z,SE0000310336,2021-04-06 09:00:08,2021-04-06T08:00:08.787000Z,SEK,XSTO,XSTO,MonetaryAmount,N,12-------PH---,000045926,692.0,2,,,
302,14866,2021-04-06 09:00:08,2021-04-06T08:00:08.787000Z,SE0000310336,2021-04-06 09:00:08,2021-04-06T08:00:08.787000Z,SEK,XSTO,XSTO,MonetaryAmount,N,12-------PH---,000045927,692.0,1,,,
303,14865,2021-04-06 09:00:08,2021-04-06T08:00:08.787000Z,SE0000310336,2021-04-06 09:00:08,2021-04-06T08:00:08.787000Z,SEK,XSTO,XSTO,MonetaryAmount,N,12-------PH---,000045928,692.0,6,,,
304,14864,2021-04-06 09:00:08,2021-04-06T08:00:08.787000Z,SE0000310336,2021-04-06 09:00:08,2021-04-06T08:00:08.787000Z,SEK,XSTO,XSTO,MonetaryAmount,N,12-------PH---,000045929,692.0,15,,,
305,14863,2021-04-06 09:00:08,2021-04-06T08:00:08.787000Z,SE0000310336,2021-04-06 09:00:08,2021-04-06T08:00:08.787000Z,SEK,XSTO,XSTO,MonetaryAmount,N,12-------PH---,000045930,692.0,4,,,
306,14862,2021-04-06 09:00:08,2021-04-06T08:00:08.787000Z,SE0000310336,2021-04-06 09:00:08,2021-04-06T08:00:08.787000Z,SEK,XSTO,XSTO,MonetaryAmount,N,12-------PH---,000045931,692.0,29,,,
307,14861,2021-04-06 09:00:08,2021-04-06T08:00:08.787000Z,SE0000310336,2021-04-06 09:00:08,2021-04-06T08:00:08.787000Z,SEK,XSTO,XSTO,MonetaryAmount,N,12-------PH---,000045932,692.0,4,,,
308,14860,2021-04-06 09:00:08,2021-04-06T08:00:08.787000Z,SE0000310336,2021-04-06 09:00:08,2021-04-06T08:00:08.787000Z,SEK,XSTO,XSTO,MonetaryAmount,N,12-------PH---,000045933,692.0,21,,,
309,14859,2021-04-06 09:00:08,2021-04-06T08:00:08.787000Z,SE0000310336,2021-04-06 09:00:08,2021-04-06T08:00:08.787000Z,SEK,XSTO,XSTO,MonetaryAmount,N,12-------PH---,000045934,692.0,15,,,
310,14858,2021-04-06 09:00:08,2021-04-06T08:00:08.787000Z,SE0000310336,2021-04-06 09:00:08,2021-04-06T08:00:08.787000Z,SEK,XSTO,XSTO,MonetaryAmount,N,12-------PH---,000045935,692.0,2,,,
311,14857,2021-04-06 09:00:08,2021-04-06T08:00:08.787000Z,SE0000310336,2021-04-06 09:00:08,2021-04-06T08:00:08.787000Z,SEK,XSTO,XSTO,MonetaryAmount,N,12-------PH---,000045936,692.0,1,,,
312,14856,2021-04-06 09:00:08,2021-04-06T08:00:08.787000Z,SE0000310336,2021-04-06 09:00:08,2021-04-06T08:00:08.787000Z,SEK,XSTO,XSTO,MonetaryAmount,N,12-------PH---,000045937,692.0,2,,,
313,14855,2021-04-06 09:00:08,2021-04-06T08:00:08.787000Z,SE0000310336,2021-04-06 09:00:08,2021-04-06T08:00:08.787000Z,SEK,XSTO,XSTO,MonetaryAmount,N,12-------PH---,000045938,692.0,1,,,
314,14854,2021-04-06 09:00:08,2021-04-06T08:00:08.787000Z,SE0000310336,2021-04-06 09:00:08,2021-04-06T08:00:08.787000Z,SEK,XSTO,XSTO,MonetaryAmount,N,12-------PH---,000045939,692.0,5,,,
315,14853,2021-04-06 09:00:08,2021-04-06T08:00:08.787000Z,SE0000310336,2021-04-06 09:00:08,2021-04-06T08:00:08.787000Z,SEK,XSTO,XSTO,MonetaryAmount,N,12-------PH---,000045940,692.0,1,,,
316,14852,2021-04-06 09:00:08,2021-04-06T08:00:08.787000Z,SE0000310336,2021-04-06 09:00:08,2021-04-06T08:00:08.787000Z,SEK,XSTO,XSTO,MonetaryAmount,N,12-------PH---,000045941,692.0,12,,,
317,14851,2021-04-06 09:00:08,2021-04-06T08:00:08.787000Z,SE0000310336,2021-04-06 09:00:08,2021-04-06T08:00:08.787000Z,SEK,XSTO,XSTO,MonetaryAmount,N,12-------PH---,000045942,692.0,6,,,
318,14850,2021-04-06 09:00:08,2021-04-06T08:00:08.787000Z,SE0000310336,2021-04-06 09:00:08,2021-04-06T08:00:08.787000Z,SEK,XSTO,XSTO,MonetaryAmount,N,12-------PH---,000045943,692.0,10,,,
319,14849,2021-04-06 09:00:08,2021-04-06T08:00:08.787000Z,SE0000310336,2021-04-06 09:00:08,2021-04-06T08:00:08.787000Z,SEK,XSTO,XSTO,MonetaryAmount,N,12-------PH---,000045944,692.0,1,,,
320,14848,2021-04-06 09:00:08,2021-04-06T08:00:08.787000Z,SE0000310336,2021-04-06 09:00:08,2021-04-06T08:00:08.787000Z,SEK,XSTO,XSTO,MonetaryAmount,N,12-------PH---,000045945,692.0,1,,,
321,14847,2021-04-06 09:00:08,2021-04-06T08:00:08.787000Z,SE0000310336,2021-04-06 09:00:08,2021-04-06T08:00:08.787000Z,SEK,XSTO,XSTO,MonetaryAmount,N,12-------PH---,000045946,692.0,3,,,
322,14846,2021-04-06 09:00:08,2021-04-06T08:00:08.787000Z,SE0000310336,2021-04-06 09:00:08,2021-04-06T08:00:08.787000Z,SEK,XSTO,XSTO,MonetaryAmount,N,12-------PH---,000045947,692.0,1,,,
323,14845,2021-04-06 09:00:08,2021-04-06T08:00:08.787000Z,SE0000310336,2021-04-06 09:00:08,2021-04-06T08:00:08.787000Z,SEK,XSTO,XSTO,MonetaryAmount,N,12-------PH---,000045948,692.0,15,,,
324,14844,2021-04-06 09:00:08,2021-04-06T08:00:08.787000Z,SE0000310336,2021-04-06 09:00:08,2021-04-06T08:00:08.787000Z,SEK,XSTO,XSTO,MonetaryAmount,N,12-------PH---,000045949,692.0,5,,,
325,14843,2021-04-06 09:00:08,2021-04-06T08:00:08.787000Z,SE0000310336,2021-04-06 09:00:08,2021-04-06T08:00:08.787000Z,SEK,XSTO,XSTO,MonetaryAmount,N,12-------PH---,000045950,692.0,3,,,
326,14842,2021-04-06 09:00:08,2021-04-06T08:00:08.787000Z,SE0000310336,2021-04-06 09:00:08,2021-04-06T08:00:08.787000Z,SEK,XSTO,XSTO,MonetaryAmount,N,12-------PH---,000045951,692.0,1,,,
327,14841,2021-04-06 09:00:08,2021-04-06T08:00:08.787000Z,SE0000310336,2021-04-06 09:00:08,2021-04-06T08:00:08.787000Z,SEK,XSTO,XSTO,MonetaryAmount,N,12-------PH---,000045952,692.0,1,,,
328,14840,2021-04-06 09:00:08,2021-04-06T08:00:08.787000Z,SE0000310336,2021-04-06 09:00:08,2021-04-06T08:00:08.787000Z,SEK,XSTO,XSTO,MonetaryAmount,N,12-------PH---,000045953,692.0,3,,,
329,14839,2021-04-06 09:00:08,2021-04-06T08:00:08.787000Z,SE0000310336,2021-04-06 09:00:08,2021-04-06T08:00:08.787000Z,SEK,XSTO,XSTO,MonetaryAmount,N,12-------PH---,000045954,692.0,1,,,
330,14838,2021-04-06 09:00:08,2021-04-06T08:00:08.787000Z,SE0000310336,2021-04-06 09:00:08,2021-04-06T08:00:08.787000Z,SEK,XSTO,XSTO,MonetaryAmount,N,12-------PH---,000045955,692.0,1,,,
331,14837,2021-04-06 09:00:08,2021-04-06T08:00:08.787000Z,SE0000310336,2021-04-06 09:00:08,2021-04-06T08:00:08.787000Z,SEK,XSTO,XSTO,MonetaryAmount,N,12-------PH---,000045956,692.0,2,,,
332,14836,2021-04-06 09:00:08,2021-04-06T08:00:08.787000Z,SE0000310336,2021-04-06 09:00:08,2021-04-06T08:00:08.787000Z,SEK,XSTO,XSTO,MonetaryAmount,N,12-------PH---,000045957,692.0,1,,,
333,14835,2021-04-06 09:00:08,2021-04-06T08:00:08.787000Z,SE0000310336,2021-04-06 09:00:08,2021-04-06T08:00:08.787000Z,SEK,XSTO,XSTO,MonetaryAmount,N,12-------PH---,000045958,692.0,1,,,
334,14834,2021-04-06 09:00:08,2021-04-06T08:00:08.787000Z,SE0000310336,2021-04-06 09:00:08,2021-04-06T08:00:08.787000Z,SEK,XSTO,XSTO,MonetaryAmount,N,12-------PH---,000045959,692.0,3,,,
335,14833,2021-04-06 09:00:08,2021-04-06T08:00:08.787000Z,SE0000310336,2021-04-06 09:00:08,2021-04-06T08:00:08.787000Z,SEK,XSTO,XSTO,MonetaryAmount,N,12-------PH---,000045960,692.0,3,,,
336,14832,2021-04-06 09:00:08,2021-04-06T08:00:08.787000Z,SE0000310336,2021-04-06 09:00:08,2021-04-06T08:00:08.787000Z,SEK,XSTO,XSTO,MonetaryAmount,N,12-------PH---,000045961,692.0,1,,,
337,14831,2021-04-06 09:00:08,2021-04-06T08:00:08.787000Z,SE0000310336,2021-04-06 09:00:08,2021-04-06T08:00:08.787000Z,SEK,XSTO,XSTO,MonetaryAmount,N,12-------PH---,000045962,692.0,5,,,
338,14830,2021-04-06 09:00:08,2021-04-06T08:00:08.787000Z,SE0000310336,2021-04-06 09:00:08,2021-04-06T08:00:08.787000Z,SEK,XSTO,XSTO,MonetaryAmount,N,12-------PH---,000045963,692.0,3,,,
339,14829,2021-04-06 09:00:08,2021-04-06T08:00:08.787000Z,SE0000310336,2021-04-06 09:00:08,2021-04-06T08:00:08.787000Z,SEK,XSTO,XSTO,MonetaryAmount,N,12-------PH---,000045964,692.0,1,,,
340,14828,2021-04-06 09:00:08,2021-04-06T08:00:08.787000Z,SE0000310336,2021-04-06 09:00:08,2021-04-06T08:00:08.787000Z,SEK,XSTO,XSTO,MonetaryAmount,N,12-------PH---,000045965,692.0,3,,,
341,14827,2021-04-06 09:00:08,2021-04-06T08:00:08.787000Z,SE0000310336,2021-04-06 09:00:08,2021-04-06T08:00:08.787000Z,SEK,XSTO,XSTO,MonetaryAmount,N,12-------PH---,000045966,692.0,1,,,
342,14826,2021-04-06 09:00:08,2021-04-06T08:00:08.787000Z,SE0000310336,2021-04-06 09:00:08,2021-04-06T08:00:08.787000Z,SEK,XSTO,XSTO,MonetaryAmount,N,12-------PH---,000045967,692.0,3,,,
343,14825,2021-04-06 09:00:08,2021-04-06T08:00:08.787000Z,SE0000310336,2021-04-06 09:00:08,2021-04-06T08:00:08.787000Z,SEK,XSTO,XSTO,MonetaryAmount,N,12-------PH---,000045968,692.0,1,,,
344,14824,2021-04-06 09:00:08,2021-04-06T08:00:08.787000Z,SE0000310336,2021-04-06 09:00:08,2021-04-06T08:00:08.787000Z,SEK,XSTO,XSTO,MonetaryAmount,N,12-------PH---,000045969,692.0,10,,,
345,14823,2021-04-06 09:00:08,2021-04-06T08:00:08.787000Z,SE0000310336,2021-04-06 09:00:08,2021-04-06T08:00:08.787000Z,SEK,XSTO,XSTO,MonetaryAmount,N,12-------PH---,000045970,692.0,1,,,
346,14822,2021-04-06 09:00:08,2021-04-06T08:00:08.787000Z,SE0000310336,2021-04-06 09:00:08,2021-04-06T08:00:08.787000Z,SEK,XSTO,XSTO,MonetaryAmount,N,12-------PH---,000045971,692.0,3,,,
347,14821,2021-04-06 09:00:08,2021-04-06T08:00:08.787000Z,SE0000310336,2021-04-06 09:00:08,2021-04-06T08:00:08.787000Z,SEK,XSTO,XSTO,MonetaryAmount,N,12-------PH---,000045972,692.0,1,,,
348,14820,2021-04-06 09:00:08,2021-04-06T08:00:08.787000Z,SE0000310336,2021-04-06 09:00:08,2021-04-06T08:00:08.787000Z,SEK,XSTO,XSTO,MonetaryAmount,N,12-------PH---,000045973,692.0,22,,,
349,14819,2021-04-06 09:00:08,2021-04-06T08:00:08.787000Z,SE0000310336,2021-04-06 09:00:08,2021-04-06T08:00:08.787000Z,SEK,XSTO,XSTO,MonetaryAmount,N,12-------PH---,000045974,692.0,2,,,
350,14818,2021-04-06 09:00:08,2021-04-06T08:00:08.787000Z,SE0000310336,2021-04-06 09:00:08,2021-04-06T08:00:08.787000Z,SEK,XSTO,XSTO,MonetaryAmount,N,12-------PH---,000045975,692.0,10,,,
351,14817,2021-04-06 09:00:08,2021-04-06T08:00:08.787000Z,SE0000310336,2021-04-06 09:00:08,2021-04-06T08:00:08.787000Z,SEK,XSTO,XSTO,MonetaryAmount,N,12-------PH---,000045976,692.0,14,,,
352,14816,2021-04-06 09:00:08,2021-04-06T08:00:08.787000Z,SE0000310336,2021-04-06 09:00:08,2021-04-06T08:00:08.787000Z,SEK,XSTO,XSTO,MonetaryAmount,N,12-------PH---,000045977,692.0,30,,,
353,14815,2021-04-06 09:00:08,2021-04-06T08:00:08.787000Z,SE0000310336,2021-04-06 09:00:08,2021-04-06T08:00:08.787000Z,SEK,XSTO,XSTO,MonetaryAmount,N,12-------PH---,000045978,692.0,3,,,
354,14814,2021-04-06 09:00:08,2021-04-06T08:00:08.787000Z,SE0000310336,2021-04-06 09:00:08,2021-04-06T08:00:08.787000Z,SEK,XSTO,XSTO,MonetaryAmount,N,12-------PH---,000045979,692.0,2,,,
355,14813,2021-04-06 09:00:08,2021-04-06T08:00:08.787000Z,SE0000310336,2021-04-06 09:00:08,2021-04-06T08:00:08.787000Z,SEK,XSTO,XSTO,MonetaryAmount,N,12-------PH---,000045980,692.0,3,,,
356,14812,2021-04-06 09:00:08,2021-04-06T08:00:08.787000Z,SE0000310336,2021-04-06 09:00:08,2021-04-06T08:00:08.787000Z,SEK,XSTO,XSTO,MonetaryAmount,N,12-------PH---,000045981,692.0,5,,,
357,14811,2021-04-06 09:00:08,2021-04-06T08:00:08.787000Z,SE0000310336,2021-04-06 09:00:08,2021-04-06T08:00:08.787000Z,SEK,XSTO,XSTO,MonetaryAmount,N,12-------PH---,000045982,692.0,27,,,
358,14810,2021-04-06 09:00:08,2021-04-06T08:00:08.787000Z,SE0000310336,2021-04-06 09:00:08,2021-04-06T08:00:08.787000Z,SEK,XSTO,XSTO,MonetaryAmount,N,12-------PH---,000045983,692.0,200,,,
359,14809,2021-04-06 09:00:08,2021-04-06T08:00:08.787000Z,SE0000310336,2021-04-06 09:00:08,2021-04-06T08:00:08.787000Z,SEK,XSTO,XSTO,MonetaryAmount,N,12-------PH---,000045984,692.0,1,,,
360,14808,2021-04-06 09:00:08,2021-04-06T08:00:08.787000Z,SE0000310336,2021-04-06 09:00:08,2021-04-06T08:00:08.787000Z,SEK,XSTO,XSTO,MonetaryAmount,N,12-------PH---,000045985,692.0,2,,,
361,14807,2021-04-06 09:00:08,2021-04-06T08:00:08.787000Z,SE0000310336,2021-04-06 09:00:08,2021-04-06T08:00:08.787000Z,SEK,XSTO,XSTO,MonetaryAmount,N,12-------PH---,000045986,692.0,2,,,
362,14806,2021-04-06 09:00:08,2021-04-06T08:00:08.787000Z,SE0000310336,2021-04-06 09:00:08,2021-04-06T08:00:08.787000Z,SEK,XSTO,XSTO,MonetaryAmount,N,12-------PH---,000045987,692.0,72,,,
363,14805,2021-04-06 09:00:08,2021-04-06T08:00:08.787000Z,SE0000310336,2021-04-06 09:00:08,2021-04-06T08:00:08.787000Z,SEK,XSTO,XSTO,MonetaryAmount,N,12-------PH---,000045988,692.0,1,,,
364,14804,2021-04-06 09:00:08,2021-04-06T08:00:08.787000Z,SE0000310336,2021-04-06 09:00:08,2021-04-06T08:00:08.787000Z,SEK,XSTO,XSTO,MonetaryAmount,N,12-------PH---,000045989,692.0,7,,,
365,14803,2021-04-06 09:00:08,2021-04-06T08:00:08.787000Z,SE0000310336,2021-04-06 09:00:08,2021-04-06T08:00:08.787000Z,SEK,XSTO,XSTO,MonetaryAmount,N,12-------PH---,000045990,692.0,3,,,
366,14802,2021-04-06 09:00:08,2021-04-06T08:00:08.787000Z,SE0000310336,2021-04-06 09:00:08,2021-04-06T08:00:08.787000Z,SEK,XSTO,XSTO,MonetaryAmount,N,12-------PH---,000045991,692.0,3,,,
367,14801,2021-04-06 09:00:08,2021-04-06T08:00:08.787000Z,SE0000310336,2021-04-06 09:00:08,2021-04-06T08:00:08.787000Z,SEK,XSTO,XSTO,MonetaryAmount,N,12-------PH---,000045992,692.0,1,,,
368,14800,2021-04-06 09:00:08,2021-04-06T08:00:08.787000Z,SE0000310336,2021-04-06 09:00:08,2021-04-06T08:00:08.787000Z,SEK,XSTO,XSTO,MonetaryAmount,N,12-------PH---,000045993,692.0,2,,,
369,14799,2021-04-06 09:00:08,2021-04-06T08:00:08.787000Z,SE0000310336,2021-04-06 09:00:08,2021-04-06T08:00:08.787000Z,SEK,XSTO,XSTO,MonetaryAmount,N,12-------PH---,000045994,692.0,9,,,
370,14798,2021-04-06 09:00:08,2021-04-06T08:00:08.787000Z,SE0000310336,2021-04-06 09:00:08,2021-04-06T08:00:08.787000Z,SEK,XSTO,XSTO,MonetaryAmount,N,12-------PH---,000045995,692.0,4,,,
371,14797,2021-04-06 09:00:08,2021-04-06T08:00:08.787000Z,SE0000310336,2021-04-06 09:00:08,2021-04-06T08:00:08.787000Z,SEK,XSTO,XSTO,MonetaryAmount,N,12-------PH---,000045996,692.0,8,,,
372,14796,2021-04-06 09:00:08,2021-04-06T08:00:08.787000Z,SE0000310336,2021-04-06 09:00:08,2021-04-06T08:00:08.787000Z,SEK,XSTO,XSTO,MonetaryAmount,N,12-------PH---,000045997,692.0,15,,,
373,14795,2021-04-06 09:00:08,2021-04-06T08:00:08.787000Z,SE0000310336,2021-04-06 09:00:08,2021-04-06T08:00:08.787000Z,SEK,XSTO,XSTO,MonetaryAmount,N,12-------PH---,000045998,692.0,3,,,
374,14794,2021-04-06 09:00:08,2021-04-06T08:00:08.787000Z,SE0000310336,2021-04-06 09:00:08,2021-04-06T08:00:08.787000Z,SEK,XSTO,XSTO,MonetaryAmount,N,12-------PH---,000045999,692.0,1,,,
375,14793,2021-04-06 09:00:08,2021-04-06T08:00:08.787000Z,SE0000310336,2021-04-06 09:00:08,2021-04-06T08:00:08.787000Z,SEK,XSTO,XSTO,MonetaryAmount,N,12-------PH---,000046000,692.0,1,,,
376,14792,2021-04-06 09:00:08,2021-04-06T08:00:08.787000Z,SE0000310336,2021-04-06 09:00:08,2021-04-06T08:00:08.787000Z,SEK,XSTO,XSTO,MonetaryAmount,N,12-------PH---,000046001,692.0,7,,,
377,14791,2021-04-06 09:00:08,2021-04-06T08:00:08.787000Z,SE0000310336,2021-04-06 09:00:08,2021-04-06T08:00:08.787000Z,SEK,XSTO,XSTO,MonetaryAmount,N,12-------PH---,000046002,692.0,1,,,
378,14790,2021-04-06 09:00:08,2021-04-06T08:00:08.787000Z,SE0000310336,2021-04-06 09:00:08,2021-04-06T08:00:08.787000Z,SEK,XSTO,XSTO,MonetaryAmount,N,12-------PH---,000046003,692.0,1,,,
379,14789,2021-04-06 09:00:08,2021-04-06T08:00:08.787000Z,SE0000310336,2021-04-06 09:00:08,2021-04-06T08:00:08.787000Z,SEK,XSTO,XSTO,MonetaryAmount,N,12-------PH---,000046004,692.0,3,,,
380,14788,2021-04-06 09:00:08,2021-04-06T08:00:08.787000Z,SE0000310336,2021-04-06 09:00:08,2021-04-06T08:00:08.787000Z,SEK,XSTO,XSTO,MonetaryAmount,N,12-------PH---,000046005,692.0,2,,,
381,14787,2021-04-06 09:00:08,2021-04-06T08:00:08.787000Z,SE0000310336,2021-04-06 09:00:08,2021-04-06T08:00:08.787000Z,SEK,XSTO,XSTO,MonetaryAmount,N,12-------PH---,000046006,692.0,5,,,
382,14786,2021-04-06 09:00:08,2021-04-06T08:00:08.787000Z,SE0000310336,2021-04-06 09:00:08,2021-04-06T08:00:08.787000Z,SEK,XSTO,XSTO,MonetaryAmount,N,12-------PH---,000046007,692.0,3,,,
383,14785,2021-04-06 09:00:08,2021-04-06T08:00:08.787000Z,SE0000310336,2021-04-06 09:00:08,2021-04-06T08:00:08.787000Z,SEK,XSTO,XSTO,MonetaryAmount,N,12-------PH---,000046008,692.0,7,,,
384,14784,2021-04-06 09:00:08,2021-04-06T08:00:08.787000Z,SE0000310336,2021-04-06 09:00:08,2021-04-06T08:00:08.787000Z,SEK,XSTO,XSTO,MonetaryAmount,N,12-------PH---,000046009,692.0,3,,,
385,14783,2021-04-06 09:00:08,2021-04-06T08:00:08.787000Z,SE0000310336,2021-04-06 09:00:08,2021-04-06T08:00:08.787000Z,SEK,XSTO,XSTO,MonetaryAmount,N,12-------PH---,000046010,692.0,3,,,
386,14782,2021-04-06 09:00:08,2021-04-06T08:00:08.787000Z,SE0000310336,2021-04-06 09:00:08,2021-04-06T08:00:08.787000Z,SEK,XSTO,XSTO,MonetaryAmount,N,12-------PH---,000046011,692.0,11,,,
387,14781,2021-04-06 09:00:08,2021-04-06T08:00:08.787000Z,SE0000310336,2021-04-06 09:00:08,2021-04-06T08:00:08.787000Z,SEK,XSTO,XSTO,MonetaryAmount,N,12-------PH---,000046012,692.0,5,,,
388,14780,2021-04-06 09:00:08,2021-04-06T08:00:08.787000Z,SE0000310336,2021-04-06 09:00:08,2021-04-06T08:00:08.787000Z,SEK,XSTO,XSTO,MonetaryAmount,N,12-------PH---,000046013,692.0,1,,,
389,14779,2021-04-06 09:00:08,2021-04-06T08:00:08.787000Z,SE0000310336,2021-04-06 09:00:08,2021-04-06T08:00:08.787000Z,SEK,XSTO,XSTO,MonetaryAmount,N,12-------PH---,000046014,692.0,36,,,
390,14778,2021-04-06 09:00:08,2021-04-06T08:00:08.787000Z,SE0000310336,2021-04-06 09:00:08,2021-04-06T08:00:08.787000Z,SEK,XSTO,XSTO,MonetaryAmount,N,12-------PH---,000046015,692.0,5,,,
391,14777,2021-04-06 09:00:08,2021-04-06T08:00:08.787000Z,SE0000310336,2021-04-06 09:00:08,2021-04-06T08:00:08.787000Z,SEK,XSTO,XSTO,MonetaryAmount,N,12-------PH---,000046016,692.0,2,,,
392,14776,2021-04-06 09:00:08,2021-04-06T08:00:08.787000Z,SE0000310336,2021-04-06 09:00:08,2021-04-06T08:00:08.790000Z,SEK,XSTO,XSTO,MonetaryAmount,N,12-------PH---,000046017,692.0,1,,,
393,14775,2021-04-06 09:00:08,2021-04-06T08:00:08.787000Z,SE0000310336,2021-04-06 09:00:08,2021-04-06T08:00:08.790000Z,SEK,XSTO,XSTO,MonetaryAmount,N,12-------PH---,000046018,692.0,1,,,
394,14774,2021-04-06 09:00:08,2021-04-06T08:00:08.787000Z,SE0000310336,2021-04-06 09:00:08,2021-04-06T08:00:08.790000Z,SEK,XSTO,XSTO,MonetaryAmount,N,12-------PH---,000046019,692.0,2,,,
395,14773,2021-04-06 09:00:08,2021-04-06T08:00:08.787000Z,SE0000310336,2021-04-06 09:00:08,2021-04-06T08:00:08.790000Z,SEK,XSTO,XSTO,MonetaryAmount,N,12-------PH---,000046020,692.0,1,,,
396,14772,2021-04-06 09:00:08,2021-04-06T08:00:08.787000Z,SE0000310336,2021-04-06 09:00:08,2021-04-06T08:00:08.790000Z,SEK,XSTO,XSTO,MonetaryAmount,N,12-------PH---,000046021,692.0,3,,,
397,14771,2021-04-06 09:00:08,2021-04-06T08:00:08.787000Z,SE0000310336,2021-04-06 09:00:08,2021-04-06T08:00:08.790000Z,SEK,XSTO,XSTO,MonetaryAmount,N,12-------PH---,000046022,692.0,1,,,
398,14770,2021-04-06 09:00:08,2021-04-06T08:00:08.787000Z,SE0000310336,2021-04-06 09:00:08,2021-04-06T08:00:08.790000Z,SEK,XSTO,XSTO,MonetaryAmount,N,12-------PH---,000046023,692.0,2,,,
399,14769,2021-04-06 09:00:08,2021-04-06T08:00:08.787000Z,SE0000310336,2021-04-06 09:00:08,2021-04-06T08:00:08.790000Z,SEK,XSTO,XSTO,MonetaryAmount,N,12-------PH---,000046024,692.0,1,,,
400,14768,2021-04-06 09:00:08,2021-04-06T08:00:08.787000Z,SE0000310336,2021-04-06 09:00:08,2021-04-06T08:00:08.790000Z,SEK,XSTO,XSTO,MonetaryAmount,N,12-------PH---,000046025,692.0,1,,,
401,14767,2021-04-06 09:00:08,2021-04-06T08:00:08.787000Z,SE0000310336,2021-04-06 09:00:08,2021-04-06T08:00:08.790000Z,SEK,XSTO,XSTO,MonetaryAmount,N,12-------PH---,000046026,692.0,5,,,
402,14766,2021-04-06 09:00:08,2021-04-06T08:00:08.787000Z,SE0000310336,2021-04-06 09:00:08,2021-04-06T08:00:08.790000Z,SEK,XSTO,XSTO,MonetaryAmount,N,12-------PH---,000046027,692.0,28,,,
403,14765,2021-04-06 09:00:08,2021-04-06T08:00:08.787000Z,SE0000310336,2021-04-06 09:00:08,2021-04-06T08:00:08.790000Z,SEK,XSTO,XSTO,MonetaryAmount,N,12-------PH---,000046028,692.0,1,,,
404,14764,2021-04-06 09:00:08,2021-04-06T08:00:08.787000Z,SE0000310336,2021-04-06 09:00:08,2021-04-06T08:00:08.790000Z,SEK,XSTO,XSTO,MonetaryAmount,N,12-------PH---,000046029,692.0,15,,,
405,14763,2021-04-06 09:00:08,2021-04-06T08:00:08.787000Z,SE0000310336,2021-04-06 09:00:08,2021-04-06T08:00:08.790000Z,SEK,XSTO,XSTO,MonetaryAmount,N,12-------PH---,000046030,692.0,2,,,
406,14762,2021-04-06 09:00:08,2021-04-06T08:00:08.787000Z,SE0000310336,2021-04-06 09:00:08,2021-04-06T08:00:08.790000Z,SEK,XSTO,XSTO,MonetaryAmount,N,12-------PH---,000046031,692.0,43,,,
407,14761,2021-04-06 09:00:08,2021-04-06T08:00:08.787000Z,SE0000310336,2021-04-06 09:00:08,2021-04-06T08:00:08.790000Z,SEK,XSTO,XSTO,MonetaryAmount,N,12-------PH---,000046032,692.0,5,,,
408,14760,2021-04-06 09:00:08,2021-04-06T08:00:08.787000Z,SE0000310336,2021-04-06 09:00:08,2021-04-06T08:00:08.790000Z,SEK,XSTO,XSTO,MonetaryAmount,N,12-------PH---,000046033,692.0,2,,,
409,14759,2021-04-06 09:00:08,2021-04-06T08:00:08.787000Z,SE0000310336,2021-04-06 09:00:08,2021-04-06T08:00:08.790000Z,SEK,XSTO,XSTO,MonetaryAmount,N,12-------PH---,000046034,692.0,2,,,
410,14758,2021-04-06 09:00:08,2021-04-06T08:00:08.787000Z,SE0000310336,2021-04-06 09:00:08,2021-04-06T08:00:08.790000Z,SEK,XSTO,XSTO,MonetaryAmount,N,12-------PH---,000046035,692.0,2,,,
411,14757,2021-04-06 09:00:08,2021-04-06T08:00:08.787000Z,SE0000310336,2021-04-06 09:00:08,2021-04-06T08:00:08.790000Z,SEK,XSTO,XSTO,MonetaryAmount,N,12-------PH---,000046036,692.0,20,,,
412,14756,2021-04-06 09:00:08,2021-04-06T08:00:08.787000Z,SE0000310336,2021-04-06 09:00:08,2021-04-06T08:00:08.790000Z,SEK,XSTO,XSTO,MonetaryAmount,N,12-------PH---,000046037,692.0,1,,,
413,14755,2021-04-06 09:00:08,2021-04-06T08:00:08.787000Z,SE0000310336,2021-04-06 09:00:08,2021-04-06T08:00:08.790000Z,SEK,XSTO,XSTO,MonetaryAmount,N,12-------PH---,000046038,692.0,4,,,
414,14754,2021-04-06 09:00:08,2021-04-06T08:00:08.787000Z,SE0000310336,2021-04-06 09:00:08,2021-04-06T08:00:08.790000Z,SEK,XSTO,XSTO,MonetaryAmount,N,12-------PH---,000046039,692.0,1,,,
415,14753,2021-04-06 09:00:08,2021-04-06T08:00:08.787000Z,SE0000310336,2021-04-06 09:00:08,2021-04-06T08:00:08.790000Z,SEK,XSTO,XSTO,MonetaryAmount,N,12-------PH---,000046040,692.0,10,,,
416,14752,2021-04-06 09:00:08,2021-04-06T08:00:08.787000Z,SE0000310336,2021-04-06 09:00:08,2021-04-06T08:00:08.790000Z,SEK,XSTO,XSTO,MonetaryAmount,N,12-------PH---,000046041,692.0,28,,,
417,14751,2021-04-06 09:00:08,2021-04-06T08:00:08.787000Z,SE0000310336,2021-04-06 09:00:08,2021-04-06T08:00:08.790000Z,SEK,XSTO,XSTO,MonetaryAmount,N,12-------PH---,000046042,692.0,3,,,
418,14750,2021-04-06 09:00:08,2021-04-06T08:00:08.787000Z,SE0000310336,2021-04-06 09:00:08,2021-04-06T08:00:08.790000Z,SEK,XSTO,XSTO,MonetaryAmount,N,12-------PH---,000046043,692.0,3,,,
419,14749,2021-04-06 09:00:08,2021-04-06T08:00:08.787000Z,SE0000310336,2021-04-06 09:00:08,2021-04-06T08:00:08.790000Z,SEK,XSTO,XSTO,MonetaryAmount,N,12-------PH---,000046044,692.0,2,,,
420,14748,2021-04-06 09:00:08,2021-04-06T08:00:08.787000Z,SE0000310336,2021-04-06 09:00:08,2021-04-06T08:00:08.790000Z,SEK,XSTO,XSTO,MonetaryAmount,N,12-------PH---,000046045,692.0,1,,,
421,14747,2021-04-06 09:00:08,2021-04-06T08:00:08.787000Z,SE0000310336,2021-04-06 09:00:08,2021-04-06T08:00:08.790000Z,SEK,XSTO,XSTO,MonetaryAmount,N,12-------PH---,000046046,692.0,1,,,
422,14746,2021-04-06 09:00:08,2021-04-06T08:00:08.787000Z,SE0000310336,2021-04-06 09:00:08,2021-04-06T08:00:08.790000Z,SEK,XSTO,XSTO,MonetaryAmount,N,12-------PH---,000046047,692.0,2,,,
423,14745,2021-04-06 09:00:08,2021-04-06T08:00:08.787000Z,SE0000310336,2021-04-06 09:00:08,2021-04-06T08:00:08.790000Z,SEK,XSTO,XSTO,MonetaryAmount,N,12-------PH---,000046048,692.0,1,,,
424,14744,2021-04-06 09:00:08,2021-04-06T08:00:08.787000Z,SE0000310336,2021-04-06 09:00:08,2021-04-06T08:00:08.790000Z,SEK,XSTO,XSTO,MonetaryAmount,N,12-------PH---,000046049,692.0,3,,,
425,14743,2021-04-06 09:00:08,2021-04-06T08:00:08.787000Z,SE0000310336,2021-04-06 09:00:08,2021-04-06T08:00:08.790000Z,SEK,XSTO,XSTO,MonetaryAmount,N,12-------PH---,000046050,692.0,15,,,
426,14742,2021-04-06 09:00:08,2021-04-06T08:00:08.787000Z,SE0000310336,2021-04-06 09:00:08,2021-04-06T08:00:08.790000Z,SEK,XSTO,XSTO,MonetaryAmount,N,12-------PH---,000046051,692.0,10,,,
427,14741,2021-04-06 09:00:08,2021-04-06T08:00:08.787000Z,SE0000310336,2021-04-06 09:00:08,2021-04-06T08:00:08.790000Z,SEK,XSTO,XSTO,MonetaryAmount,N,12-------PH---,000046052,692.0,1,,,
428,14740,2021-04-06 09:00:08,2021-04-06T08:00:08.787000Z,SE0000310336,2021-04-06 09:00:08,2021-04-06T08:00:08.790000Z,SEK,XSTO,XSTO,MonetaryAmount,N,12-------PH---,000046053,692.0,10,,,
429,14739,2021-04-06 09:00:08,2021-04-06T08:00:08.787000Z,SE0000310336,2021-04-06 09:00:08,2021-04-06T08:00:08.790000Z,SEK,XSTO,XSTO,MonetaryAmount,N,12-------PH---,000046054,692.0,2,,,
430,14738,2021-04-06 09:00:08,2021-04-06T08:00:08.787000Z,SE0000310336,2021-04-06 09:00:08,2021-04-06T08:00:08.790000Z,SEK,XSTO,XSTO,MonetaryAmount,N,12-------PH---,000046055,692.0,4,,,
431,14737,2021-04-06 09:00:08,2021-04-06T08:00:08.787000Z,SE0000310336,2021-04-06 09:00:08,2021-04-06T08:00:08.790000Z,SEK,XSTO,XSTO,MonetaryAmount,N,12-------PH---,000046056,692.0,2,,,
432,14736,2021-04-06 09:00:08,2021-04-06T08:00:08.787000Z,SE0000310336,2021-04-06 09:00:08,2021-04-06T08:00:08.790000Z,SEK,XSTO,XSTO,MonetaryAmount,N,12-------PH---,000046057,692.0,15,,,
433,14735,2021-04-06 09:00:08,2021-04-06T08:00:08.787000Z,SE0000310336,2021-04-06 09:00:08,2021-04-06T08:00:08.790000Z,SEK,XSTO,XSTO,MonetaryAmount,N,12-------PH---,000046058,692.0,1,,,
434,14734,2021-04-06 09:00:08,2021-04-06T08:00:08.787000Z,SE0000310336,2021-04-06 09:00:08,2021-04-06T08:00:08.790000Z,SEK,XSTO,XSTO,MonetaryAmount,N,12-------PH---,000046059,692.0,3,,,
435,14733,2021-04-06 09:00:08,2021-04-06T08:00:08.787000Z,SE0000310336,2021-04-06 09:00:08,2021-04-06T08:00:08.790000Z,SEK,XSTO,XSTO,MonetaryAmount,N,12-------PH---,000046060,692.0,1,,,
436,14732,2021-04-06 09:00:08,2021-04-06T08:00:08.787000Z,SE0000310336,2021-04-06 09:00:08,2021-04-06T08:00:08.790000Z,SEK,XSTO,XSTO,MonetaryAmount,N,12-------PH---,000046061,692.0,1,,,
437,14731,2021-04-06 09:00:08,2021-04-06T08:00:08.787000Z,SE0000310336,2021-04-06 09:00:08,2021-04-06T08:00:08.790000Z,SEK,XSTO,XSTO,MonetaryAmount,N,12-------PH---,000046062,692.0,1,,,
438,14730,2021-04-06 09:00:08,2021-04-06T08:00:08.787000Z,SE0000310336,2021-04-06 09:00:08,2021-04-06T08:00:08.790000Z,SEK,XSTO,XSTO,MonetaryAmount,N,12-------PH---,000046063,692.0,2,,,
439,14729,2021-04-06 09:00:08,2021-04-06T08:00:08.787000Z,SE0000310336,2021-04-06 09:00:08,2021-04-06T08:00:08.790000Z,SEK,XSTO,XSTO,MonetaryAmount,N,12-------PH---,000046064,692.0,2,,,
440,14728,2021-04-06 09:00:08,2021-04-06T08:00:08.787000Z,SE0000310336,2021-04-06 09:00:08,2021-04-06T08:00:08.790000Z,SEK,XSTO,XSTO,MonetaryAmount,N,12-------PH---,000046065,692.0,5,,,
441,14727,2021-04-06 09:00:08,2021-04-06T08:00:08.787000Z,SE0000310336,2021-04-06 09:00:08,2021-04-06T08:00:08.790000Z,SEK,XSTO,XSTO,MonetaryAmount,N,12-------PH---,000046066,692.0,5,,,
442,14726,2021-04-06 09:00:08,2021-04-06T08:00:08.787000Z,SE0000310336,2021-04-06 09:00:08,2021-04-06T08:00:08.790000Z,SEK,XSTO,XSTO,MonetaryAmount,N,12-------PH---,000046067,692.0,28,,,
443,14725,2021-04-06 09:00:08,2021-04-06T08:00:08.787000Z,SE0000310336,2021-04-06 09:00:08,2021-04-06T08:00:08.790000Z,SEK,XSTO,XSTO,MonetaryAmount,N,12-------PH---,000046068,692.0,2,,,
444,14724,2021-04-06 09:00:08,2021-04-06T08:00:08.787000Z,SE0000310336,2021-04-06 09:00:08,2021-04-06T08:00:08.790000Z,SEK,XSTO,XSTO,MonetaryAmount,N,12-------PH---,000046069,692.0,8,,,
445,14723,2021-04-06 09:00:08,2021-04-06T08:00:08.787000Z,SE0000310336,2021-04-06 09:00:08,2021-04-06T08:00:08.790000Z,SEK,XSTO,XSTO,MonetaryAmount,N,12-------PH---,000046070,692.0,2,,,
446,14722,2021-04-06 09:00:08,2021-04-06T08:00:08.787000Z,SE0000310336,2021-04-06 09:00:08,2021-04-06T08:00:08.790000Z,SEK,XSTO,XSTO,MonetaryAmount,N,12-------PH---,000046071,692.0,25,,,
447,14721,2021-04-06 09:00:08,2021-04-06T08:00:08.787000Z,SE0000310336,2021-04-06 09:00:08,2021-04-06T08:00:08.790000Z,SEK,XSTO,XSTO,MonetaryAmount,N,12-------PH---,000046072,692.0,1,,,
448,14720,2021-04-06 09:00:08,2021-04-06T08:00:08.787000Z,SE0000310336,2021-04-06 09:00:08,2021-04-06T08:00:08.790000Z,SEK,XSTO,XSTO,MonetaryAmount,N,12-------PH---,000046073,692.0,1,,,
449,14719,2021-04-06 09:00:08,2021-04-06T08:00:08.787000Z,SE0000310336,2021-04-06 09:00:08,2021-04-06T08:00:08.790000Z,SEK,XSTO,XSTO,MonetaryAmount,N,12-------PH---,000046074,692.0,2,,,
450,14718,2021-04-06 09:00:08,2021-04-06T08:00:08.787000Z,SE0000310336,2021-04-06 09:00:08,2021-04-06T08:00:08.790000Z,SEK,XSTO,XSTO,MonetaryAmount,N,12-------PH---,000046075,692.0,3,,,
451,14717,2021-04-06 09:00:08,2021-04-06T08:00:08.787000Z,SE0000310336,2021-04-06 09:00:08,2021-04-06T08:00:08.790000Z,SEK,XSTO,XSTO,MonetaryAmount,N,12-------PH---,000046076,692.0,2,,,
452,14716,2021-04-06 09:00:08,2021-04-06T08:00:08.787000Z,SE0000310336,2021-04-06 09:00:08,2021-04-06T08:00:08.790000Z,SEK,XSTO,XSTO,MonetaryAmount,N,12-------PH---,000046077,692.0,5,,,
453,14715,2021-04-06 09:00:08,2021-04-06T08:00:08.787000Z,SE0000310336,2021-04-06 09:00:08,2021-04-06T08:00:08.790000Z,SEK,XSTO,XSTO,MonetaryAmount,N,12-------PH---,000046078,692.0,10,,,
454,14714,2021-04-06 09:00:08,2021-04-06T08:00:08.787000Z,SE0000310336,2021-04-06 09:00:08,2021-04-06T08:00:08.790000Z,SEK,XSTO,XSTO,MonetaryAmount,N,12-------PH---,000046079,692.0,2,,,
455,14713,2021-04-06 09:00:08,2021-04-06T08:00:08.787000Z,SE0000310336,2021-04-06 09:00:08,2021-04-06T08:00:08.790000Z,SEK,XSTO,XSTO,MonetaryAmount,N,12-------PH---,000046080,692.0,72,,,
456,14712,2021-04-06 09:00:08,2021-04-06T08:00:08.787000Z,SE0000310336,2021-04-06 09:00:08,2021-04-06T08:00:08.790000Z,SEK,XSTO,XSTO,MonetaryAmount,N,12-------PH---,000046081,692.0,1,,,
457,14711,2021-04-06 09:00:08,2021-04-06T08:00:08.787000Z,SE0000310336,2021-04-06 09:00:08,2021-04-06T08:00:08.790000Z,SEK,XSTO,XSTO,MonetaryAmount,N,12-------PH---,000046082,692.0,15,,,
458,14710,2021-04-06 09:00:08,2021-04-06T08:00:08.787000Z,SE0000310336,2021-04-06 09:00:08,2021-04-06T08:00:08.790000Z,SEK,XSTO,XSTO,MonetaryAmount,N,12-------PH---,000046083,692.0,10,,,
459,14709,2021-04-06 09:00:08,2021-04-06T08:00:08.787000Z,SE0000310336,2021-04-06 09:00:08,2021-04-06T08:00:08.790000Z,SEK,XSTO,XSTO,MonetaryAmount,N,12-------PH---,000046084,692.0,26,,,
460,14708,2021-04-06 09:00:08,2021-04-06T08:00:08.787000Z,SE0000310336,2021-04-06 09:00:08,2021-04-06T08:00:08.790000Z,SEK,XSTO,XSTO,MonetaryAmount,N,12-------PH---,000046085,692.0,4,,,
461,14707,2021-04-06 09:00:08,2021-04-06T08:00:08.787000Z,SE0000310336,2021-04-06 09:00:08,2021-04-06T08:00:08.790000Z,SEK,XSTO,XSTO,MonetaryAmount,N,12-------PH---,000046086,692.0,12,,,
462,14706,2021-04-06 09:00:08,2021-04-06T08:00:08.787000Z,SE0000310336,2021-04-06 09:00:08,2021-04-06T08:00:08.790000Z,SEK,XSTO,XSTO,MonetaryAmount,N,12-------PH---,000046087,692.0,201,,,
463,14705,2021-04-06 09:00:08,2021-04-06T08:00:08.787000Z,SE0000310336,2021-04-06 09:00:08,2021-04-06T08:00:08.790000Z,SEK,XSTO,XSTO,MonetaryAmount,N,12-------PH---,000046088,692.0,5,,,
464,14704,2021-04-06 09:00:08,2021-04-06T08:00:08.787000Z,SE0000310336,2021-04-06 09:00:08,2021-04-06T08:00:08.790000Z,SEK,XSTO,XSTO,MonetaryAmount,N,12-------PH---,000046089,692.0,1,,,
465,14703,2021-04-06 09:00:08,2021-04-06T08:00:08.787000Z,SE0000310336,2021-04-06 09:00:08,2021-04-06T08:00:08.790000Z,SEK,XSTO,XSTO,MonetaryAmount,N,12-------PH---,000046090,692.0,4,,,
466,14702,2021-04-06 09:00:08,2021-04-06T08:00:08.787000Z,SE0000310336,2021-04-06 09:00:08,2021-04-06T08:00:08.790000Z,SEK,XSTO,XSTO,MonetaryAmount,N,12-------PH---,000046091,692.0,8,,,
467,14701,2021-04-06 09:00:08,2021-04-06T08:00:08.787000Z,SE0000310336,2021-04-06 09:00:08,2021-04-06T08:00:08.790000Z,SEK,XSTO,XSTO,MonetaryAmount,N,12-------PH---,000046092,692.0,3,,,
468,14700,2021-04-06 09:00:08,2021-04-06T08:00:08.787000Z,SE0000310336,2021-04-06 09:00:08,2021-04-06T08:00:08.790000Z,SEK,XSTO,XSTO,MonetaryAmount,N,12-------PH---,000046093,692.0,1,,,
469,14699,2021-04-06 09:00:08,2021-04-06T08:00:08.787000Z,SE0000310336,2021-04-06 09:00:08,2021-04-06T08:00:08.790000Z,SEK,XSTO,XSTO,MonetaryAmount,N,12-------PH---,000046094,692.0,2,,,
470,14698,2021-04-06 09:00:08,2021-04-06T08:00:08.787000Z,SE0000310336,2021-04-06 09:00:08,2021-04-06T08:00:08.790000Z,SEK,XSTO,XSTO,MonetaryAmount,N,12-------PH---,000046095,692.0,20,,,
471,14697,2021-04-06 09:00:08,2021-04-06T08:00:08.787000Z,SE0000310336,2021-04-06 09:00:08,2021-04-06T08:00:08.790000Z,SEK,XSTO,XSTO,MonetaryAmount,N,12-------PH---,000046096,692.0,10,,,
472,14696,2021-04-06 09:00:08,2021-04-06T08:00:08.787000Z,SE0000310336,2021-04-06 09:00:08,2021-04-06T08:00:08.790000Z,SEK,XSTO,XSTO,MonetaryAmount,N,12-------PH---,000046097,692.0,1,,,
473,14695,2021-04-06 09:00:08,2021-04-06T08:00:08.787000Z,SE0000310336,2021-04-06 09:00:08,2021-04-06T08:00:08.790000Z,SEK,XSTO,XSTO,MonetaryAmount,N,12-------PH---,000046098,692.0,150,,,
474,14694,2021-04-06 09:00:08,2021-04-06T08:00:08.787000Z,SE0000310336,2021-04-06 09:00:08,2021-04-06T08:00:08.790000Z,SEK,XSTO,XSTO,MonetaryAmount,N,12-------PH---,000046099,692.0,2,,,
475,14693,2021-04-06 09:00:08,2021-04-06T08:00:08.787000Z,SE0000310336,2021-04-06 09:00:08,2021-04-06T08:00:08.790000Z,SEK,XSTO,XSTO,MonetaryAmount,N,12-------PH---,000046100,692.0,3,,,
476,14692,2021-04-06 09:00:08,2021-04-06T08:00:08.787000Z,SE0000310336,2021-04-06 09:00:08,2021-04-06T08:00:08.790000Z,SEK,XSTO,XSTO,MonetaryAmount,N,12-------PH---,000046101,692.0,1,,,
477,14691,2021-04-06 09:00:08,2021-04-06T08:00:08.787000Z,SE0000310336,2021-04-06 09:00:08,2021-04-06T08:00:08.790000Z,SEK,XSTO,XSTO,MonetaryAmount,N,12-------PH---,000046102,692.0,35,,,
478,14690,2021-04-06 09:00:08,2021-04-06T08:00:08.787000Z,SE0000310336,2021-04-06 09:00:08,2021-04-06T08:00:08.790000Z,SEK,XSTO,XSTO,MonetaryAmount,N,12-------PH---,000046103,692.0,5,,,
479,14689,2021-04-06 09:00:08,2021-04-06T08:00:08.787000Z,SE0000310336,2021-04-06 09:00:08,2021-04-06T08:00:08.790000Z,SEK,XSTO,XSTO,MonetaryAmount,N,12-------PH---,000046104,692.0,7,,,
480,14688,2021-04-06 09:00:08,2021-04-06T08:00:08.787000Z,SE0000310336,2021-04-06 09:00:08,2021-04-06T08:00:08.790000Z,SEK,XSTO,XSTO,MonetaryAmount,N,12-------PH---,000046105,692.0,29,,,
481,14687,2021-04-06 09:00:08,2021-04-06T08:00:08.787000Z,SE0000310336,2021-04-06 09:00:08,2021-04-06T08:00:08.790000Z,SEK,XSTO,XSTO,MonetaryAmount,N,12-------PH---,000046106,692.0,2,,,
482,14686,2021-04-06 09:00:08,2021-04-06T08:00:08.787000Z,SE0000310336,2021-04-06 09:00:08,2021-04-06T08:00:08.790000Z,SEK,XSTO,XSTO,MonetaryAmount,N,12-------PH---,000046107,692.0,14,,,
483,14685,2021-04-06 09:00:08,2021-04-06T08:00:08.787000Z,SE0000310336,2021-04-06 09:00:08,2021-04-06T08:00:08.790000Z,SEK,XSTO,XSTO,MonetaryAmount,N,12-------PH---,000046108,692.0,3,,,
484,14684,2021-04-06 09:00:08,2021-04-06T08:00:08.787000Z,SE0000310336,2021-04-06 09:00:08,2021-04-06T08:00:08.790000Z,SEK,XSTO,XSTO,MonetaryAmount,N,12-------PH---,000046109,691.8,1,,,
485,14683,2021-04-06 09:00:08,2021-04-06T08:00:08.787000Z,SE0000310336,2021-04-06 09:00:08,2021-04-06T08:00:08.790000Z,SEK,XSTO,XSTO,MonetaryAmount,N,12-------PH---,000046110,691.8,4,,,
486,14682,2021-04-06 09:00:08,2021-04-06T08:00:08.787000Z,SE0000310336,2021-04-06 09:00:08,2021-04-06T08:00:08.790000Z,SEK,XSTO,XSTO,MonetaryAmount,N,12-------PH---,000046111,691.8,7,,,
487,14681,2021-04-06 09:00:08,2021-04-06T08:00:08.787000Z,SE0000310336,2021-04-06 09:00:08,2021-04-06T08:00:08.790000Z,SEK,XSTO,XSTO,MonetaryAmount,N,12-------PH---,000046112,691.8,43,,,
488,14680,2021-04-06 09:00:08,2021-04-06T08:00:08.787000Z,SE0000310336,2021-04-06 09:00:08,2021-04-06T08:00:08.790000Z,SEK,XSTO,XSTO,MonetaryAmount,N,12-------PH---,000046113,691.8,2,,,
489,14679,2021-04-06 09:00:08,2021-04-06T08:00:08.787000Z,SE0000310336,2021-04-06 09:00:08,2021-04-06T08:00:08.790000Z,SEK,XSTO,XSTO,MonetaryAmount,N,12-------PH---,000046114,691.8,1,,,
490,14678,2021-04-06 09:00:08,2021-04-06T08:00:08.807000Z,SE0000310336,2021-04-06 09:00:08,2021-04-06T08:00:08.807000Z,SEK,XSTO,XSTO,MonetaryAmount,N,12-------PH---,000046119,691.6,1,,,
491,14677,2021-04-06 09:00:08,2021-04-06T08:00:08.807000Z,SE0000310336,2021-04-06 09:00:08,2021-04-06T08:00:08.807000Z,SEK,XSTO,XSTO,MonetaryAmount,N,12-------PH---,000046120,691.6,103,,,
492,14676,2021-04-06 09:00:08,2021-04-06T08:00:08.807000Z,SE0000310336,2021-04-06 09:00:08,2021-04-06T08:00:08.807000Z,SEK,XSTO,XSTO,MonetaryAmount,N,12-------PH---,000046121,691.6,815,,,
493,14675,2021-04-06 09:00:09,2021-04-06T08:00:09.060000Z,SE0000310336,2021-04-06 09:00:09,2021-04-06T08:00:09.060000Z,SEK,MSTO,XSTO,MonetaryAmount,N,5U-------PH---,000046183,691.8,88,,,Auction On Demand
494,14674,2021-04-06 09:00:09,2021-04-06T08:00:09.337000Z,SE0000310336,2021-04-06 09:00:09,2021-04-06T08:00:09.337000Z,SEK,XSTO,XSTO,MonetaryAmount,N,12-------PH---,000046234,691.6,2,,,
495,14673,2021-04-06 09:00:09,2021-04-06T08:00:09.673000Z,SE0000310336,2021-04-06 09:00:09,2021-04-06T08:00:09.673000Z,SEK,XSTO,XSTO,MonetaryAmount,N,12-------PH---,000046317,691.4,2,,,
496,14672,2021-04-06 09:00:09,2021-04-06T08:00:09.673000Z,SE0000310336,2021-04-06 09:00:09,2021-04-06T08:00:09.673000Z,SEK,XSTO,XSTO,MonetaryAmount,N,12-------PH---,000046318,691.4,22,,,
497,14671,2021-04-06 09:00:09,2021-04-06T08:00:09.673000Z,SE0000310336,2021-04-06 09:00:09,2021-04-06T08:00:09.673000Z,SEK,XSTO,XSTO,MonetaryAmount,N,12-------PH---,000046319,691.4,12,,,
498,14670,2021-04-06 09:00:09,2021-04-06T08:00:09.673000Z,SE0000310336,2021-04-06 09:00:09,2021-04-06T08:00:09.673000Z,SEK,XSTO,XSTO,MonetaryAmount,N,12-------PH---,000046320,691.4,63,,,
499,14669,2021-04-06 09:00:09,2021-04-06T08:00:09.787000Z,SE0000310336,2021-04-06 09:00:09,2021-04-06T08:00:09.787000Z,SEK,XSTO,XSTO,MonetaryAmount,N,12-------PH---,000046340,691.2,32,,,
500,14668,2021-04-06 09:00:09,2021-04-06T08:00:09.787000Z,SE0000310336,2021-04-06 09:00:09,2021-04-06T08:00:09.787000Z,SEK,XSTO,XSTO,MonetaryAmount,N,12-------PH---,000046341,691.2,100,,,
501,14667,2021-04-06 09:00:09,2021-04-06T08:00:09.787000Z,SE0000310336,2021-04-06 09:00:09,2021-04-06T08:00:09.787000Z,SEK,XSTO,XSTO,MonetaryAmount,N,12-------PH---,000046342,691.2,20,,,
502,14666,2021-04-06 09:00:09,2021-04-06T08:00:09.787000Z,SE0000310336,2021-04-06 09:00:09,2021-04-06T08:00:09.787000Z,SEK,XSTO,XSTO,MonetaryAmount,N,12-------PH---,000046343,691.2,10,,,
503,14665,2021-04-06 09:00:09,2021-04-06T08:00:09.787000Z,SE0000310336,2021-04-06 09:00:09,2021-04-06T08:00:09.787000Z,SEK,XSTO,XSTO,MonetaryAmount,N,12-------PH---,000046344,691.2,49,,,
504,14664,2021-04-06 09:00:10,2021-04-06T08:00:10.607000Z,SE0000310336,2021-04-06 09:00:10,2021-04-06T08:00:10.607000Z,SEK,XSTO,XSTO,MonetaryAmount,N,12-------PH---,000046643,691.0,5,,,
505,14663,2021-04-06 09:00:10,2021-04-06T08:00:10.607000Z,SE0000310336,2021-04-06 09:00:10,2021-04-06T08:00:10.607000Z,SEK,XSTO,XSTO,MonetaryAmount,N,12-------PH---,000046644,691.0,1,,,
506,14662,2021-04-06 09:00:10,2021-04-06T08:00:10.757000Z,SE0000310336,2021-04-06 09:00:10,2021-04-06T08:00:10.757000Z,SEK,XSTO,XSTO,MonetaryAmount,N,12-------PH---,000046730,691.2,73,,,
507,14661,2021-04-06 09:00:11,2021-04-06T08:00:11.033000Z,SE0000310336,2021-04-06 09:00:11,2021-04-06T08:00:11.033000Z,SEK,XSTO,XSTO,MonetaryAmount,N,12-------PH---,000046796,691.4,88,,,
508,14660,2021-04-06 09:00:11,2021-04-06T08:00:11.033000Z,SE0000310336,2021-04-06 09:00:11,2021-04-06T08:00:11.033000Z,SEK,XSTO,XSTO,MonetaryAmount,N,12-------PH---,000046797,691.4,6,,,
509,14659,2021-04-06 09:00:11,2021-04-06T08:00:11.033000Z,SE0000310336,2021-04-06 09:00:11,2021-04-06T08:00:11.033000Z,SEK,XSTO,XSTO,MonetaryAmount,N,12-------PH---,000046798,691.4,36,,,
510,14658,2021-04-06 09:00:11,2021-04-06T08:00:11.033000Z,SE0000310336,2021-04-06 09:00:11,2021-04-06T08:00:11.033000Z,SEK,XSTO,XSTO,MonetaryAmount,N,12-------PH---,000046799,691.4,114,,,
511,14657,2021-04-06 09:00:11,2021-04-06T08:00:11.087000Z,SE0000310336,2021-04-06 09:00:11,2021-04-06T08:00:11.087000Z,SEK,XSTO,XSTO,MonetaryAmount,N,12-------PH---,000046806,691.4,90,,,
512,14656,2021-04-06 09:00:11,2021-04-06T08:00:11.087000Z,SE0000310336,2021-04-06 09:00:11,2021-04-06T08:00:11.087000Z,SEK,XSTO,XSTO,MonetaryAmount,N,12-------P----,000046807,691.2,4,,,
513,14655,2021-04-06 09:00:11,2021-04-06T08:00:11.397000Z,SE0000310336,2021-04-06 09:00:11,2021-04-06T08:00:11.397000Z,SEK,XSTO,XSTO,MonetaryAmount,N,12-------PH---,000046877,691.4,118,,,
514,14654,2021-04-06 09:00:11,2021-04-06T08:00:11.437000Z,SE0000310336,2021-04-06 09:00:11,2021-04-06T08:00:11.437000Z,SEK,XSTO,XSTO,MonetaryAmount,N,12-------PH---,000046880,691.6,111,,,
515,14653,2021-04-06 09:00:11,2021-04-06T08:00:11.447000Z,SE0000310336,2021-04-06 09:00:11,2021-04-06T08:00:11.447000Z,SEK,XSTO,XSTO,MonetaryAmount,N,12-------PH---,000046881,691.2,90,,,
516,14652,2021-04-06 09:00:11,2021-04-06T08:00:11.447000Z,SE0000310336,2021-04-06 09:00:11,2021-04-06T08:00:11.447000Z,SEK,XSTO,XSTO,MonetaryAmount,N,12-------PH---,000046882,691.2,27,,,
517,14651,2021-04-06 09:00:11,2021-04-06T08:00:11.447000Z,SE0000310336,2021-04-06 09:00:11,2021-04-06T08:00:11.447000Z,SEK,XSTO,XSTO,MonetaryAmount,N,12-------PH---,000046883,691.2,300,,,
518,14650,2021-04-06 09:00:11,2021-04-06T08:00:11.850000Z,SE0000310336,2021-04-06 09:00:11,2021-04-06T08:00:11.850000Z,SEK,XSTO,XSTO,MonetaryAmount,N,12-------PH---,000046971,691.0,26,,,
519,14649,2021-04-06 09:00:11,2021-04-06T08:00:11.850000Z,SE0000310336,2021-04-06 09:00:11,2021-04-06T08:00:11.850000Z,SEK,XSTO,XSTO,MonetaryAmount,N,12-------PH---,000046972,691.0,36,,,
520,14648,2021-04-06 09:00:11,2021-04-06T08:00:11.850000Z,SE0000310336,2021-04-06 09:00:11,2021-04-06T08:00:11.850000Z,SEK,XSTO,XSTO,MonetaryAmount,N,12-------PH---,000046973,691.0,60,,,
521,14647,2021-04-06 09:00:13,2021-04-06T08:00:13.240000Z,SE0000310336,2021-04-06 09:00:13,2021-04-06T08:00:13.240000Z,SEK,XSTO,XSTO,MonetaryAmount,N,12-------PH---,000047435,691.2,120,,,
522,14646,2021-04-06 09:00:13,2021-04-06T08:00:13.240000Z,SE0000310336,2021-04-06 09:00:13,2021-04-06T08:00:13.240000Z,SEK,XSTO,XSTO,MonetaryAmount,N,12-------PH---,000047436,691.2,116,,,
523,14645,2021-04-06 09:00:16,2021-04-06T08:00:16.537000Z,SE0000310336,2021-04-06 09:00:16,2021-04-06T08:00:16.537000Z,SEK,XSTO,XSTO,MonetaryAmount,N,12-------PH---,000048203,691.0,50,,,
524,14644,2021-04-06 09:00:17,2021-04-06T08:00:17.180000Z,SE0000310336,2021-04-06 09:00:17,2021-04-06T08:00:17.180000Z,SEK,XSTO,XSTO,MonetaryAmount,N,12-------PH---,000048318,691.6,90,,,
525,14643,2021-04-06 09:00:17,2021-04-06T08:00:17.180000Z,SE0000310336,2021-04-06 09:00:17,2021-04-06T08:00:17.180000Z,SEK,XSTO,XSTO,MonetaryAmount,N,12-------PH---,000048319,691.6,122,,,
526,14642,2021-04-06 09:00:17,2021-04-06T08:00:17.180000Z,SE0000310336,2021-04-06 09:00:17,2021-04-06T08:00:17.180000Z,SEK,XSTO,XSTO,MonetaryAmount,N,12-------PH---,000048320,691.6,55,,,
527,14641,2021-04-06 09:00:17,2021-04-06T08:00:17.200000Z,SE0000310336,2021-04-06 09:00:17,2021-04-06T08:00:17.200000Z,SEK,XSTO,XSTO,MonetaryAmount,N,12-------PH---,000048325,691.8,111,,,
528,14640,2021-04-06 09:00:17,2021-04-06T08:00:17.507000Z,SE0000310336,2021-04-06 09:00:17,2021-04-06T08:00:17.507000Z,SEK,XSTO,XSTO,MonetaryAmount,N,12-------PH---,000048409,691.6,122,,,
529,14639,2021-04-06 09:00:17,2021-04-06T08:00:17.507000Z,SE0000310336,2021-04-06 09:00:17,2021-04-06T08:00:17.507000Z,SEK,XSTO,XSTO,MonetaryAmount,N,12-------PH---,000048410,691.4,90,,,
530,14638,2021-04-06 09:00:17,2021-04-06T08:00:17.507000Z,SE0000310336,2021-04-06 09:00:17,2021-04-06T08:00:17.507000Z,SEK,XSTO,XSTO,MonetaryAmount,N,12-------PH---,000048411,691.4,61,,,
531,14637,2021-04-06 09:00:17,2021-04-06T08:00:17.593000Z,SE0000310336,2021-04-06 09:00:17,2021-04-06T08:00:17.593000Z,SEK,XSTO,XSTO,MonetaryAmount,N,12-------PH---,000048420,691.6,36,,,
