,index,ExecutionTime,ExecutionTimeUTC,ISIN,PublicationTime,PublicationTimeUTC,CCY,Venueofexecution(MICCode),Venueofpublication(MICCode),Pricenotation,Transactiontobecleared,MMTFlags,TransactionIDCode,Price,Volume,Buyer,Seller,Tradetype
0,6810,2021-04-07 09:00:04,2021-04-07T08:00:04.923000Z,SE0000310336,2021-04-07 09:00:04,2021-04-07T08:00:04.923000Z,SEK,XSTO,XSTO,MonetaryAmount,N,1O-------P----,000025857,693.6,20,,,
1,6809,2021-04-07 09:00:04,2021-04-07T08:00:04.923000Z,SE0000310336,2021-04-07 09:00:04,2021-04-07T08:00:04.923000Z,SEK,XSTO,XSTO,MonetaryAmount,N,1O-------P----,000025858,693.6,1,,,
2,6808,2021-04-07 09:00:04,2021-04-07T08:00:04.923000Z,SE0000310336,2021-04-07 09:00:04,2021-04-07T08:00:04.923000Z,SEK,XSTO,XSTO,MonetaryAmount,N,1O-------P----,000025859,693.6,6,,,
3,6807,2021-04-07 09:00:04,2021-04-07T08:00:04.923000Z,SE0000310336,2021-04-07 09:00:04,2021-04-07T08:00:04.923000Z,SEK,XSTO,XSTO,MonetaryAmount,N,1O-------PH---,000025860,693.6,5,,,
4,6806,2021-04-07 09:00:04,2021-04-07T08:00:04.923000Z,SE0000310336,2021-04-07 09:00:04,2021-04-07T08:00:04.923000Z,SEK,XSTO,XSTO,MonetaryAmount,N,1O-------PH---,000025861,693.6,2,,,
5,6805,2021-04-07 09:00:04,2021-04-07T08:00:04.923000Z,SE0000310336,2021-04-07 09:00:04,2021-04-07T08:00:04.923000Z,SEK,XSTO,XSTO,MonetaryAmount,N,1O-------P----,000025862,693.6,11,,,
6,6804,2021-04-07 09:00:04,2021-04-07T08:00:04.923000Z,SE0000310336,2021-04-07 09:00:04,2021-04-07T08:00:04.923000Z,SEK,XSTO,XSTO,MonetaryAmount,N,1O-------PH---,000025863,693.6,10,,,
7,6803,2021-04-07 09:00:04,2021-04-07T08:00:04.923000Z,SE0000310336,2021-04-07 09:00:04,2021-04-07T08:00:04.923000Z,SEK,XSTO,XSTO,MonetaryAmount,N,1O-------PH---,000025864,693.6,13,,,
8,6802,2021-04-07 09:00:04,2021-04-07T08:00:04.923000Z,SE0000310336,2021-04-07 09:00:04,2021-04-07T08:00:04.923000Z,SEK,XSTO,XSTO,MonetaryAmount,N,1O-------PH---,000025865,693.6,72,,,
9,6801,2021-04-07 09:00:04,2021-04-07T08:00:04.923000Z,SE0000310336,2021-04-07 09:00:04,2021-04-07T08:00:04.923000Z,SEK,XSTO,XSTO,MonetaryAmount,N,1O-------P----,000025866,693.6,6,,,
10,6800,2021-04-07 09:00:04,2021-04-07T08:00:04.923000Z,SE0000310336,2021-04-07 09:00:04,2021-04-07T08:00:04.923000Z,SEK,XSTO,XSTO,MonetaryAmount,N,1O-------PH---,000025867,693.6,57,,,
11,6799,2021-04-07 09:00:04,2021-04-07T08:00:04.923000Z,SE0000310336,2021-04-07 09:00:04,2021-04-07T08:00:04.923000Z,SEK,XSTO,XSTO,MonetaryAmount,N,1O-------PH---,000025868,693.6,1,,,
12,6798,2021-04-07 09:00:04,2021-04-07T08:00:04.923000Z,SE0000310336,2021-04-07 09:00:04,2021-04-07T08:00:04.923000Z,SEK,XSTO,XSTO,MonetaryAmount,N,1O-------PH---,000025869,693.6,100,,,
13,6797,2021-04-07 09:00:04,2021-04-07T08:00:04.923000Z,SE0000310336,2021-04-07 09:00:04,2021-04-07T08:00:04.923000Z,SEK,XSTO,XSTO,MonetaryAmount,N,1O-------PH---,000025870,693.6,28,,,
14,6796,2021-04-07 09:00:04,2021-04-07T08:00:04.923000Z,SE0000310336,2021-04-07 09:00:04,2021-04-07T08:00:04.923000Z,SEK,XSTO,XSTO,MonetaryAmount,N,1O-------PH---,000025871,693.6,7,,,
15,6795,2021-04-07 09:00:04,2021-04-07T08:00:04.923000Z,SE0000310336,2021-04-07 09:00:04,2021-04-07T08:00:04.923000Z,SEK,XSTO,XSTO,MonetaryAmount,N,1O-------PH---,000025872,693.6,272,,,
16,6794,2021-04-07 09:00:04,2021-04-07T08:00:04.923000Z,SE0000310336,2021-04-07 09:00:04,2021-04-07T08:00:04.923000Z,SEK,XSTO,XSTO,MonetaryAmount,N,1O-------PH---,000025873,693.6,13,,,
17,6793,2021-04-07 09:00:04,2021-04-07T08:00:04.923000Z,SE0000310336,2021-04-07 09:00:04,2021-04-07T08:00:04.923000Z,SEK,XSTO,XSTO,MonetaryAmount,N,1O-------PH---,000025874,693.6,52,,,
18,6792,2021-04-07 09:00:04,2021-04-07T08:00:04.923000Z,SE0000310336,2021-04-07 09:00:04,2021-04-07T08:00:04.923000Z,SEK,XSTO,XSTO,MonetaryAmount,N,1O-------PH---,000025875,693.6,44,,,
19,6791,2021-04-07 09:00:04,2021-04-07T08:00:04.923000Z,SE0000310336,2021-04-07 09:00:04,2021-04-07T08:00:04.923000Z,SEK,XSTO,XSTO,MonetaryAmount,N,1O-------PH---,000025876,693.6,153,,,
20,6790,2021-04-07 09:00:04,2021-04-07T08:00:04.923000Z,SE0000310336,2021-04-07 09:00:04,2021-04-07T08:00:04.923000Z,SEK,XSTO,XSTO,MonetaryAmount,N,1O-------PH---,000025877,693.6,95,,,
21,6789,2021-04-07 09:00:04,2021-04-07T08:00:04.923000Z,SE0000310336,2021-04-07 09:00:04,2021-04-07T08:00:04.923000Z,SEK,XSTO,XSTO,MonetaryAmount,N,1O-------PH---,000025878,693.6,54,,,
22,6788,2021-04-07 09:00:04,2021-04-07T08:00:04.923000Z,SE0000310336,2021-04-07 09:00:04,2021-04-07T08:00:04.923000Z,SEK,XSTO,XSTO,MonetaryAmount,N,1O-------PH---,000025879,693.6,51,,,
23,6787,2021-04-07 09:00:04,2021-04-07T08:00:04.923000Z,SE0000310336,2021-04-07 09:00:04,2021-04-07T08:00:04.923000Z,SEK,XSTO,XSTO,MonetaryAmount,N,1O-------PH---,000025880,693.6,4,,,
24,6786,2021-04-07 09:00:04,2021-04-07T08:00:04.923000Z,SE0000310336,2021-04-07 09:00:04,2021-04-07T08:00:04.923000Z,SEK,XSTO,XSTO,MonetaryAmount,N,1O-------PH---,000025881,693.6,83,,,
25,6785,2021-04-07 09:00:04,2021-04-07T08:00:04.923000Z,SE0000310336,2021-04-07 09:00:04,2021-04-07T08:00:04.923000Z,SEK,XSTO,XSTO,MonetaryAmount,N,1O-------PH---,000025882,693.6,94,,,
26,6784,2021-04-07 09:00:04,2021-04-07T08:00:04.923000Z,SE0000310336,2021-04-07 09:00:04,2021-04-07T08:00:04.923000Z,SEK,XSTO,XSTO,MonetaryAmount,N,1O-------PH---,000025883,693.6,13,,,
27,6783,2021-04-07 09:00:04,2021-04-07T08:00:04.923000Z,SE0000310336,2021-04-07 09:00:04,2021-04-07T08:00:04.923000Z,SEK,XSTO,XSTO,MonetaryAmount,N,1O-------PH---,000025884,693.6,5,,,
28,6782,2021-04-07 09:00:04,2021-04-07T08:00:04.923000Z,SE0000310336,2021-04-07 09:00:04,2021-04-07T08:00:04.923000Z,SEK,XSTO,XSTO,MonetaryAmount,N,1O-------PH---,000025885,693.6,55,,,
29,6781,2021-04-07 09:00:04,2021-04-07T08:00:04.923000Z,SE0000310336,2021-04-07 09:00:04,2021-04-07T08:00:04.923000Z,SEK,XSTO,XSTO,MonetaryAmount,N,1O-------PH---,000025886,693.6,1,,,
30,6780,2021-04-07 09:00:04,2021-04-07T08:00:04.923000Z,SE0000310336,2021-04-07 09:00:04,2021-04-07T08:00:04.923000Z,SEK,XSTO,XSTO,MonetaryAmount,N,1O-------PH---,000025887,693.6,178,,,
31,6779,2021-04-07 09:00:04,2021-04-07T08:00:04.923000Z,SE0000310336,2021-04-07 09:00:04,2021-04-07T08:00:04.923000Z,SEK,XSTO,XSTO,MonetaryAmount,N,1O-------PH---,000025888,693.6,38,,,
32,6778,2021-04-07 09:00:04,2021-04-07T08:00:04.923000Z,SE0000310336,2021-04-07 09:00:04,2021-04-07T08:00:04.923000Z,SEK,XSTO,XSTO,MonetaryAmount,N,1O-------PH---,000025889,693.6,1,,,
33,6777,2021-04-07 09:00:04,2021-04-07T08:00:04.923000Z,SE0000310336,2021-04-07 09:00:04,2021-04-07T08:00:04.923000Z,SEK,XSTO,XSTO,MonetaryAmount,N,1O-------PH---,000025890,693.6,16,,,
34,6776,2021-04-07 09:00:04,2021-04-07T08:00:04.923000Z,SE0000310336,2021-04-07 09:00:04,2021-04-07T08:00:04.923000Z,SEK,XSTO,XSTO,MonetaryAmount,N,1O-------PH---,000025891,693.6,187,,,
35,6775,2021-04-07 09:00:04,2021-04-07T08:00:04.923000Z,SE0000310336,2021-04-07 09:00:04,2021-04-07T08:00:04.923000Z,SEK,XSTO,XSTO,MonetaryAmount,N,1O-------PH---,000025892,693.6,5,,,
36,6774,2021-04-07 09:00:04,2021-04-07T08:00:04.923000Z,SE0000310336,2021-04-07 09:00:04,2021-04-07T08:00:04.923000Z,SEK,XSTO,XSTO,MonetaryAmount,N,1O-------PH---,000025893,693.6,20,,,
37,6773,2021-04-07 09:00:04,2021-04-07T08:00:04.923000Z,SE0000310336,2021-04-07 09:00:04,2021-04-07T08:00:04.923000Z,SEK,XSTO,XSTO,MonetaryAmount,N,1O-------PH---,000025894,693.6,1,,,
38,6772,2021-04-07 09:00:04,2021-04-07T08:00:04.923000Z,SE0000310336,2021-04-07 09:00:04,2021-04-07T08:00:04.923000Z,SEK,XSTO,XSTO,MonetaryAmount,N,1O-------PH---,000025895,693.6,1,,,
39,6771,2021-04-07 09:00:04,2021-04-07T08:00:04.923000Z,SE0000310336,2021-04-07 09:00:04,2021-04-07T08:00:04.923000Z,SEK,XSTO,XSTO,MonetaryAmount,N,1O-------PH---,000025896,693.6,21,,,
40,6770,2021-04-07 09:00:04,2021-04-07T08:00:04.923000Z,SE0000310336,2021-04-07 09:00:04,2021-04-07T08:00:04.923000Z,SEK,XSTO,XSTO,MonetaryAmount,N,1O-------PH---,000025897,693.6,1,,,
41,6769,2021-04-07 09:00:04,2021-04-07T08:00:04.923000Z,SE0000310336,2021-04-07 09:00:04,2021-04-07T08:00:04.923000Z,SEK,XSTO,XSTO,MonetaryAmount,N,1O-------PH---,000025898,693.6,1,,,
42,6768,2021-04-07 09:00:04,2021-04-07T08:00:04.923000Z,SE0000310336,2021-04-07 09:00:04,2021-04-07T08:00:04.923000Z,SEK,XSTO,XSTO,MonetaryAmount,N,1O-------PH---,000025899,693.6,8,,,
43,6767,2021-04-07 09:00:04,2021-04-07T08:00:04.923000Z,SE0000310336,2021-04-07 09:00:04,2021-04-07T08:00:04.923000Z,SEK,XSTO,XSTO,MonetaryAmount,N,1O-------PH---,000025900,693.6,28,,,
44,6766,2021-04-07 09:00:04,2021-04-07T08:00:04.923000Z,SE0000310336,2021-04-07 09:00:04,2021-04-07T08:00:04.923000Z,SEK,XSTO,XSTO,MonetaryAmount,N,1O-------PH---,000025901,693.6,1,,,
45,6765,2021-04-07 09:00:04,2021-04-07T08:00:04.923000Z,SE0000310336,2021-04-07 09:00:04,2021-04-07T08:00:04.923000Z,SEK,XSTO,XSTO,MonetaryAmount,N,1O-------PH---,000025902,693.6,6,,,
46,6764,2021-04-07 09:00:04,2021-04-07T08:00:04.923000Z,SE0000310336,2021-04-07 09:00:04,2021-04-07T08:00:04.923000Z,SEK,XSTO,XSTO,MonetaryAmount,N,1O-------PH---,000025903,693.6,3,,,
47,6763,2021-04-07 09:00:04,2021-04-07T08:00:04.923000Z,SE0000310336,2021-04-07 09:00:04,2021-04-07T08:00:04.923000Z,SEK,XSTO,XSTO,MonetaryAmount,N,1O-------PH---,000025904,693.6,1,,,
48,6762,2021-04-07 09:00:04,2021-04-07T08:00:04.923000Z,SE0000310336,2021-04-07 09:00:04,2021-04-07T08:00:04.923000Z,SEK,XSTO,XSTO,MonetaryAmount,N,1O-------PH---,000025905,693.6,1,,,
49,6761,2021-04-07 09:00:04,2021-04-07T08:00:04.923000Z,SE0000310336,2021-04-07 09:00:04,2021-04-07T08:00:04.923000Z,SEK,XSTO,XSTO,MonetaryAmount,N,1O-------PH---,000025906,693.6,7,,,
50,6760,2021-04-07 09:00:04,2021-04-07T08:00:04.923000Z,SE0000310336,2021-04-07 09:00:04,2021-04-07T08:00:04.923000Z,SEK,XSTO,XSTO,MonetaryAmount,N,1O-------PH---,000025907,693.6,3,,,
51,6759,2021-04-07 09:00:04,2021-04-07T08:00:04.923000Z,SE0000310336,2021-04-07 09:00:04,2021-04-07T08:00:04.923000Z,SEK,XSTO,XSTO,MonetaryAmount,N,1O-------PH---,000025908,693.6,2,,,
52,6758,2021-04-07 09:00:04,2021-04-07T08:00:04.923000Z,SE0000310336,2021-04-07 09:00:04,2021-04-07T08:00:04.923000Z,SEK,XSTO,XSTO,MonetaryAmount,N,1O-------PH---,000025909,693.6,2,,,
53,6757,2021-04-07 09:00:04,2021-04-07T08:00:04.923000Z,SE0000310336,2021-04-07 09:00:04,2021-04-07T08:00:04.923000Z,SEK,XSTO,XSTO,MonetaryAmount,N,1O-------PH---,000025910,693.6,3,,,
54,6756,2021-04-07 09:00:04,2021-04-07T08:00:04.923000Z,SE0000310336,2021-04-07 09:00:04,2021-04-07T08:00:04.923000Z,SEK,XSTO,XSTO,MonetaryAmount,N,1O-------PH---,000025911,693.6,1,,,
55,6755,2021-04-07 09:00:04,2021-04-07T08:00:04.923000Z,SE0000310336,2021-04-07 09:00:04,2021-04-07T08:00:04.923000Z,SEK,XSTO,XSTO,MonetaryAmount,N,1O-------PH---,000025912,693.6,8,,,
56,6754,2021-04-07 09:00:04,2021-04-07T08:00:04.923000Z,SE0000310336,2021-04-07 09:00:04,2021-04-07T08:00:04.923000Z,SEK,XSTO,XSTO,MonetaryAmount,N,1O-------PH---,000025913,693.6,1,,,
57,6753,2021-04-07 09:00:04,2021-04-07T08:00:04.923000Z,SE0000310336,2021-04-07 09:00:04,2021-04-07T08:00:04.923000Z,SEK,XSTO,XSTO,MonetaryAmount,N,1O-------PH---,000025914,693.6,1,,,
58,6752,2021-04-07 09:00:04,2021-04-07T08:00:04.923000Z,SE0000310336,2021-04-07 09:00:04,2021-04-07T08:00:04.923000Z,SEK,XSTO,XSTO,MonetaryAmount,N,1O-------PH---,000025915,693.6,3,,,
59,6751,2021-04-07 09:00:04,2021-04-07T08:00:04.923000Z,SE0000310336,2021-04-07 09:00:04,2021-04-07T08:00:04.923000Z,SEK,XSTO,XSTO,MonetaryAmount,N,1O-------PH---,000025916,693.6,1,,,
60,6750,2021-04-07 09:00:04,2021-04-07T08:00:04.923000Z,SE0000310336,2021-04-07 09:00:04,2021-04-07T08:00:04.923000Z,SEK,XSTO,XSTO,MonetaryAmount,N,1O-------PH---,000025917,693.6,3,,,
61,6749,2021-04-07 09:00:04,2021-04-07T08:00:04.923000Z,SE0000310336,2021-04-07 09:00:04,2021-04-07T08:00:04.923000Z,SEK,XSTO,XSTO,MonetaryAmount,N,1O-------PH---,000025918,693.6,1,,,
62,6748,2021-04-07 09:00:04,2021-04-07T08:00:04.923000Z,SE0000310336,2021-04-07 09:00:04,2021-04-07T08:00:04.923000Z,SEK,XSTO,XSTO,MonetaryAmount,N,1O-------PH---,000025919,693.6,3,,,
63,6747,2021-04-07 09:00:04,2021-04-07T08:00:04.923000Z,SE0000310336,2021-04-07 09:00:04,2021-04-07T08:00:04.923000Z,SEK,XSTO,XSTO,MonetaryAmount,N,1O-------PH---,000025920,693.6,6,,,
64,6746,2021-04-07 09:00:04,2021-04-07T08:00:04.923000Z,SE0000310336,2021-04-07 09:00:04,2021-04-07T08:00:04.923000Z,SEK,XSTO,XSTO,MonetaryAmount,N,1O-------PH---,000025921,693.6,24,,,
65,6745,2021-04-07 09:00:04,2021-04-07T08:00:04.923000Z,SE0000310336,2021-04-07 09:00:04,2021-04-07T08:00:04.923000Z,SEK,XSTO,XSTO,MonetaryAmount,N,1O-------PH---,000025922,693.6,1,,,
66,6744,2021-04-07 09:00:04,2021-04-07T08:00:04.923000Z,SE0000310336,2021-04-07 09:00:04,2021-04-07T08:00:04.923000Z,SEK,XSTO,XSTO,MonetaryAmount,N,1O-------PH---,000025923,693.6,10,,,
67,6743,2021-04-07 09:00:04,2021-04-07T08:00:04.923000Z,SE0000310336,2021-04-07 09:00:04,2021-04-07T08:00:04.923000Z,SEK,XSTO,XSTO,MonetaryAmount,N,1O-------PH---,000025924,693.6,8,,,
68,6742,2021-04-07 09:00:04,2021-04-07T08:00:04.923000Z,SE0000310336,2021-04-07 09:00:04,2021-04-07T08:00:04.923000Z,SEK,XSTO,XSTO,MonetaryAmount,N,1O-------PH---,000025925,693.6,6,,,
69,6741,2021-04-07 09:00:04,2021-04-07T08:00:04.923000Z,SE0000310336,2021-04-07 09:00:04,2021-04-07T08:00:04.923000Z,SEK,XSTO,XSTO,MonetaryAmount,N,1O-------PH---,000025926,693.6,2,,,
70,6740,2021-04-07 09:00:04,2021-04-07T08:00:04.923000Z,SE0000310336,2021-04-07 09:00:04,2021-04-07T08:00:04.923000Z,SEK,XSTO,XSTO,MonetaryAmount,N,1O-------PH---,000025927,693.6,20,,,
71,6739,2021-04-07 09:00:04,2021-04-07T08:00:04.923000Z,SE0000310336,2021-04-07 09:00:04,2021-04-07T08:00:04.923000Z,SEK,XSTO,XSTO,MonetaryAmount,N,1O-------PH---,000025928,693.6,43,,,
72,6738,2021-04-07 09:00:04,2021-04-07T08:00:04.923000Z,SE0000310336,2021-04-07 09:00:04,2021-04-07T08:00:04.923000Z,SEK,XSTO,XSTO,MonetaryAmount,N,1O-------PH---,000025929,693.6,7,,,
73,6737,2021-04-07 09:00:04,2021-04-07T08:00:04.923000Z,SE0000310336,2021-04-07 09:00:04,2021-04-07T08:00:04.923000Z,SEK,XSTO,XSTO,MonetaryAmount,N,1O-------PH---,000025930,693.6,2,,,
74,6736,2021-04-07 09:00:04,2021-04-07T08:00:04.923000Z,SE0000310336,2021-04-07 09:00:04,2021-04-07T08:00:04.923000Z,SEK,XSTO,XSTO,MonetaryAmount,N,1O-------PH---,000025931,693.6,32,,,
75,6735,2021-04-07 09:00:04,2021-04-07T08:00:04.923000Z,SE0000310336,2021-04-07 09:00:04,2021-04-07T08:00:04.923000Z,SEK,XSTO,XSTO,MonetaryAmount,N,1O-------PH---,000025932,693.6,10,,,
76,6734,2021-04-07 09:00:04,2021-04-07T08:00:04.923000Z,SE0000310336,2021-04-07 09:00:04,2021-04-07T08:00:04.923000Z,SEK,XSTO,XSTO,MonetaryAmount,N,1O-------PH---,000025933,693.6,5,,,
77,6733,2021-04-07 09:00:04,2021-04-07T08:00:04.923000Z,SE0000310336,2021-04-07 09:00:04,2021-04-07T08:00:04.923000Z,SEK,XSTO,XSTO,MonetaryAmount,N,1O-------PH---,000025934,693.6,3,,,
78,6732,2021-04-07 09:00:04,2021-04-07T08:00:04.923000Z,SE0000310336,2021-04-07 09:00:04,2021-04-07T08:00:04.927000Z,SEK,XSTO,XSTO,MonetaryAmount,N,1O-------PH---,000025935,693.6,32,,,
79,6731,2021-04-07 09:00:04,2021-04-07T08:00:04.923000Z,SE0000310336,2021-04-07 09:00:04,2021-04-07T08:00:04.927000Z,SEK,XSTO,XSTO,MonetaryAmount,N,1O-------PH---,000025936,693.6,23,,,
80,6730,2021-04-07 09:00:04,2021-04-07T08:00:04.923000Z,SE0000310336,2021-04-07 09:00:04,2021-04-07T08:00:04.927000Z,SEK,XSTO,XSTO,MonetaryAmount,N,1O-------PH---,000025937,693.6,7,,,
81,6729,2021-04-07 09:00:04,2021-04-07T08:00:04.923000Z,SE0000310336,2021-04-07 09:00:04,2021-04-07T08:00:04.927000Z,SEK,XSTO,XSTO,MonetaryAmount,N,1O-------PH---,000025938,693.6,5,,,
82,6728,2021-04-07 09:00:04,2021-04-07T08:00:04.923000Z,SE0000310336,2021-04-07 09:00:04,2021-04-07T08:00:04.927000Z,SEK,XSTO,XSTO,MonetaryAmount,N,1O-------PH---,000025939,693.6,3,,,
83,6727,2021-04-07 09:00:04,2021-04-07T08:00:04.923000Z,SE0000310336,2021-04-07 09:00:04,2021-04-07T08:00:04.927000Z,SEK,XSTO,XSTO,MonetaryAmount,N,1O-------P----,000025940,693.6,13,,,
84,6726,2021-04-07 09:00:04,2021-04-07T08:00:04.923000Z,SE0000310336,2021-04-07 09:00:04,2021-04-07T08:00:04.927000Z,SEK,XSTO,XSTO,MonetaryAmount,N,1O-------PH---,000025941,693.6,5,,,
85,6725,2021-04-07 09:00:04,2021-04-07T08:00:04.923000Z,SE0000310336,2021-04-07 09:00:04,2021-04-07T08:00:04.927000Z,SEK,XSTO,XSTO,MonetaryAmount,N,1O-------PH---,000025942,693.6,6,,,
86,6724,2021-04-07 09:00:04,2021-04-07T08:00:04.923000Z,SE0000310336,2021-04-07 09:00:04,2021-04-07T08:00:04.927000Z,SEK,XSTO,XSTO,MonetaryAmount,N,1O-------PH---,000025943,693.6,15,,,
87,6723,2021-04-07 09:00:04,2021-04-07T08:00:04.923000Z,SE0000310336,2021-04-07 09:00:04,2021-04-07T08:00:04.927000Z,SEK,XSTO,XSTO,MonetaryAmount,N,1O-------PH---,000025944,693.6,1,,,
88,6722,2021-04-07 09:00:04,2021-04-07T08:00:04.923000Z,SE0000310336,2021-04-07 09:00:04,2021-04-07T08:00:04.927000Z,SEK,XSTO,XSTO,MonetaryAmount,N,1O-------PH---,000025945,693.6,24,,,
89,6721,2021-04-07 09:00:04,2021-04-07T08:00:04.923000Z,SE0000310336,2021-04-07 09:00:04,2021-04-07T08:00:04.927000Z,SEK,XSTO,XSTO,MonetaryAmount,N,1O-------PH---,000025946,693.6,1,,,
90,6720,2021-04-07 09:00:04,2021-04-07T08:00:04.923000Z,SE0000310336,2021-04-07 09:00:04,2021-04-07T08:00:04.927000Z,SEK,XSTO,XSTO,MonetaryAmount,N,1O-------PH---,000025947,693.6,50,,,
91,6719,2021-04-07 09:00:04,2021-04-07T08:00:04.923000Z,SE0000310336,2021-04-07 09:00:04,2021-04-07T08:00:04.927000Z,SEK,XSTO,XSTO,MonetaryAmount,N,1O-------PH---,000025948,693.6,2,,,
92,6718,2021-04-07 09:00:04,2021-04-07T08:00:04.923000Z,SE0000310336,2021-04-07 09:00:04,2021-04-07T08:00:04.927000Z,SEK,XSTO,XSTO,MonetaryAmount,N,1O-------PH---,000025949,693.6,40,,,
93,6717,2021-04-07 09:00:04,2021-04-07T08:00:04.923000Z,SE0000310336,2021-04-07 09:00:04,2021-04-07T08:00:04.927000Z,SEK,XSTO,XSTO,MonetaryAmount,N,1O-------PH---,000025950,693.6,15,,,
94,6716,2021-04-07 09:00:04,2021-04-07T08:00:04.923000Z,SE0000310336,2021-04-07 09:00:04,2021-04-07T08:00:04.927000Z,SEK,XSTO,XSTO,MonetaryAmount,N,1O-------PH---,000025951,693.6,5,,,
95,6715,2021-04-07 09:00:04,2021-04-07T08:00:04.923000Z,SE0000310336,2021-04-07 09:00:04,2021-04-07T08:00:04.927000Z,SEK,XSTO,XSTO,MonetaryAmount,N,1O-------PH---,000025952,693.6,36,,,
96,6714,2021-04-07 09:00:04,2021-04-07T08:00:04.923000Z,SE0000310336,2021-04-07 09:00:04,2021-04-07T08:00:04.927000Z,SEK,XSTO,XSTO,MonetaryAmount,N,1O-------PH---,000025953,693.6,5,,,
97,6713,2021-04-07 09:00:04,2021-04-07T08:00:04.923000Z,SE0000310336,2021-04-07 09:00:04,2021-04-07T08:00:04.927000Z,SEK,XSTO,XSTO,MonetaryAmount,N,1O-------PH---,000025954,693.6,46,,,
98,6712,2021-04-07 09:00:04,2021-04-07T08:00:04.923000Z,SE0000310336,2021-04-07 09:00:04,2021-04-07T08:00:04.927000Z,SEK,XSTO,XSTO,MonetaryAmount,N,1O-------PH---,000025955,693.6,22,,,
99,6711,2021-04-07 09:00:04,2021-04-07T08:00:04.923000Z,SE0000310336,2021-04-07 09:00:04,2021-04-07T08:00:04.927000Z,SEK,XSTO,XSTO,MonetaryAmount,N,1O-------PH---,000025956,693.6,24,,,
100,6710,2021-04-07 09:00:04,2021-04-07T08:00:04.923000Z,SE0000310336,2021-04-07 09:00:04,2021-04-07T08:00:04.927000Z,SEK,XSTO,XSTO,MonetaryAmount,N,1O-------PH---,000025957,693.6,33,,,
101,6709,2021-04-07 09:00:04,2021-04-07T08:00:04.923000Z,SE0000310336,2021-04-07 09:00:04,2021-04-07T08:00:04.927000Z,SEK,XSTO,XSTO,MonetaryAmount,N,1O-------PH---,000025958,693.6,5,,,
102,6708,2021-04-07 09:00:04,2021-04-07T08:00:04.923000Z,SE0000310336,2021-04-07 09:00:04,2021-04-07T08:00:04.927000Z,SEK,XSTO,XSTO,MonetaryAmount,N,1O-------PH---,000025959,693.6,33,,,
103,6707,2021-04-07 09:00:04,2021-04-07T08:00:04.923000Z,SE0000310336,2021-04-07 09:00:04,2021-04-07T08:00:04.927000Z,SEK,XSTO,XSTO,MonetaryAmount,N,1O-------PH---,000025960,693.6,18,,,
104,6706,2021-04-07 09:00:04,2021-04-07T08:00:04.923000Z,SE0000310336,2021-04-07 09:00:04,2021-04-07T08:00:04.927000Z,SEK,XSTO,XSTO,MonetaryAmount,N,1O-------PH---,000025961,693.6,7,,,
105,6705,2021-04-07 09:00:04,2021-04-07T08:00:04.923000Z,SE0000310336,2021-04-07 09:00:04,2021-04-07T08:00:04.927000Z,SEK,XSTO,XSTO,MonetaryAmount,N,1O-------PH---,000025962,693.6,18,,,
106,6704,2021-04-07 09:00:08,2021-04-07T08:00:08.247000Z,SE0000310336,2021-04-07 09:00:08,2021-04-07T08:00:08.247000Z,SEK,XSTO,XSTO,MonetaryAmount,N,12-------PH---,000026970,694.0,1,,,
107,6703,2021-04-07 09:00:08,2021-04-07T08:00:08.247000Z,SE0000310336,2021-04-07 09:00:08,2021-04-07T08:00:08.247000Z,SEK,XSTO,XSTO,MonetaryAmount,N,12-------PH---,000026971,694.0,4,,,
108,6702,2021-04-07 09:00:08,2021-04-07T08:00:08.247000Z,SE0000310336,2021-04-07 09:00:08,2021-04-07T08:00:08.247000Z,SEK,XSTO,XSTO,MonetaryAmount,N,12-------PH---,000026972,694.0,31,,,
109,6701,2021-04-07 09:00:08,2021-04-07T08:00:08.267000Z,SE0000310336,2021-04-07 09:00:08,2021-04-07T08:00:08.267000Z,SEK,XSTO,XSTO,MonetaryAmount,N,12-------PH---,000026973,694.0,63,,,
110,6700,2021-04-07 09:00:08,2021-04-07T08:00:08.267000Z,SE0000310336,2021-04-07 09:00:08,2021-04-07T08:00:08.267000Z,SEK,XSTO,XSTO,MonetaryAmount,N,12-------PH---,000026974,694.0,55,,,
111,6699,2021-04-07 09:00:08,2021-04-07T08:00:08.283000Z,SE0000310336,2021-04-07 09:00:08,2021-04-07T08:00:08.283000Z,SEK,XSTO,XSTO,MonetaryAmount,N,12-------PH---,000026981,694.0,54,,,
112,6698,2021-04-07 09:00:08,2021-04-07T08:00:08.303000Z,SE0000310336,2021-04-07 09:00:08,2021-04-07T08:00:08.303000Z,SEK,XSTO,XSTO,MonetaryAmount,N,12-------PH---,000026982,694.2,1,,,
113,6697,2021-04-07 09:00:08,2021-04-07T08:00:08.303000Z,SE0000310336,2021-04-07 09:00:08,2021-04-07T08:00:08.303000Z,SEK,XSTO,XSTO,MonetaryAmount,N,12-------PH---,000026983,694.2,2,,,
114,6696,2021-04-07 09:00:08,2021-04-07T08:00:08.303000Z,SE0000310336,2021-04-07 09:00:08,2021-04-07T08:00:08.303000Z,SEK,XSTO,XSTO,MonetaryAmount,N,12-------PH---,000026984,694.2,1,,,
115,6695,2021-04-07 09:00:08,2021-04-07T08:00:08.303000Z,SE0000310336,2021-04-07 09:00:08,2021-04-07T08:00:08.303000Z,SEK,XSTO,XSTO,MonetaryAmount,N,12-------PH---,000026985,694.2,1,,,
116,6694,2021-04-07 09:00:08,2021-04-07T08:00:08.303000Z,SE0000310336,2021-04-07 09:00:08,2021-04-07T08:00:08.303000Z,SEK,XSTO,XSTO,MonetaryAmount,N,12-------PH---,000026986,694.2,13,,,
117,6693,2021-04-07 09:00:08,2021-04-07T08:00:08.303000Z,SE0000310336,2021-04-07 09:00:08,2021-04-07T08:00:08.303000Z,SEK,XSTO,XSTO,MonetaryAmount,N,12-------PH---,000026987,694.2,6,,,
118,6692,2021-04-07 09:00:08,2021-04-07T08:00:08.303000Z,SE0000310336,2021-04-07 09:00:08,2021-04-07T08:00:08.303000Z,SEK,XSTO,XSTO,MonetaryAmount,N,12-------PH---,000026988,694.2,2,,,
119,6691,2021-04-07 09:00:08,2021-04-07T08:00:08.303000Z,SE0000310336,2021-04-07 09:00:08,2021-04-07T08:00:08.303000Z,SEK,XSTO,XSTO,MonetaryAmount,N,12-------PH---,000026989,694.2,2,,,
120,6690,2021-04-07 09:00:08,2021-04-07T08:00:08.303000Z,SE0000310336,2021-04-07 09:00:08,2021-04-07T08:00:08.303000Z,SEK,XSTO,XSTO,MonetaryAmount,N,12-------PH---,000026990,694.2,1,,,
121,6689,2021-04-07 09:00:08,2021-04-07T08:00:08.303000Z,SE0000310336,2021-04-07 09:00:08,2021-04-07T08:00:08.303000Z,SEK,XSTO,XSTO,MonetaryAmount,N,12-------PH---,000026991,694.2,1,,,
122,6688,2021-04-07 09:00:08,2021-04-07T08:00:08.303000Z,SE0000310336,2021-04-07 09:00:08,2021-04-07T08:00:08.303000Z,SEK,XSTO,XSTO,MonetaryAmount,N,12-------PH---,000026992,694.2,40,,,
123,6687,2021-04-07 09:00:08,2021-04-07T08:00:08.303000Z,SE0000310336,2021-04-07 09:00:08,2021-04-07T08:00:08.303000Z,SEK,XSTO,XSTO,MonetaryAmount,N,12-------PH---,000026993,694.2,15,,,
124,6686,2021-04-07 09:00:08,2021-04-07T08:00:08.303000Z,SE0000310336,2021-04-07 09:00:08,2021-04-07T08:00:08.303000Z,SEK,XSTO,XSTO,MonetaryAmount,N,12-------PH---,000026994,694.2,5,,,
125,6685,2021-04-07 09:00:08,2021-04-07T08:00:08.303000Z,SE0000310336,2021-04-07 09:00:08,2021-04-07T08:00:08.303000Z,SEK,XSTO,XSTO,MonetaryAmount,N,12-------PH---,000026995,694.2,3,,,
126,6684,2021-04-07 09:00:08,2021-04-07T08:00:08.303000Z,SE0000310336,2021-04-07 09:00:08,2021-04-07T08:00:08.303000Z,SEK,XSTO,XSTO,MonetaryAmount,N,12-------PH---,000026996,694.2,1,,,
127,6683,2021-04-07 09:00:08,2021-04-07T08:00:08.303000Z,SE0000310336,2021-04-07 09:00:08,2021-04-07T08:00:08.303000Z,SEK,XSTO,XSTO,MonetaryAmount,N,12-------PH---,000026997,694.2,1,,,
128,6682,2021-04-07 09:00:08,2021-04-07T08:00:08.303000Z,SE0000310336,2021-04-07 09:00:08,2021-04-07T08:00:08.303000Z,SEK,XSTO,XSTO,MonetaryAmount,N,12-------PH---,000026998,694.2,1,,,
129,6681,2021-04-07 09:00:08,2021-04-07T08:00:08.303000Z,SE0000310336,2021-04-07 09:00:08,2021-04-07T08:00:08.303000Z,SEK,XSTO,XSTO,MonetaryAmount,N,12-------PH---,000026999,694.4,50,,,
130,6680,2021-04-07 09:00:08,2021-04-07T08:00:08.303000Z,SE0000310336,2021-04-07 09:00:08,2021-04-07T08:00:08.303000Z,SEK,XSTO,XSTO,MonetaryAmount,N,12-------PH---,000027000,694.4,40,,,
131,6679,2021-04-07 09:00:08,2021-04-07T08:00:08.453000Z,SE0000310336,2021-04-07 09:00:08,2021-04-07T08:00:08.453000Z,SEK,MSTO,XSTO,MonetaryAmount,N,5U-------PH---,000027008,694.4,91,,,Auction On Demand
132,6678,2021-04-07 09:00:09,2021-04-07T08:00:09.353000Z,SE0000310336,2021-04-07 09:00:09,2021-04-07T08:00:09.353000Z,SEK,XSTO,XSTO,MonetaryAmount,N,12-------PH---,000027114,694.4,52,,,
133,6677,2021-04-07 09:00:12,2021-04-07T08:00:12.937000Z,SE0000310336,2021-04-07 09:00:12,2021-04-07T08:00:12.937000Z,SEK,XSTO,XSTO,MonetaryAmount,N,12-------PH---,000028380,694.6,1,,,
134,6676,2021-04-07 09:00:12,2021-04-07T08:00:12.937000Z,SE0000310336,2021-04-07 09:00:12,2021-04-07T08:00:12.937000Z,SEK,XSTO,XSTO,MonetaryAmount,N,12-------PH---,000028381,694.6,1,,,
135,6675,2021-04-07 09:00:12,2021-04-07T08:00:12.937000Z,SE0000310336,2021-04-07 09:00:12,2021-04-07T08:00:12.937000Z,SEK,XSTO,XSTO,MonetaryAmount,N,12-------PH---,000028382,694.6,1,,,
136,6674,2021-04-07 09:00:12,2021-04-07T08:00:12.937000Z,SE0000310336,2021-04-07 09:00:12,2021-04-07T08:00:12.937000Z,SEK,XSTO,XSTO,MonetaryAmount,N,12-------PH---,000028383,694.6,26,,,
137,6673,2021-04-07 09:00:21,2021-04-07T08:00:21.150000Z,SE0000310336,2021-04-07 09:00:21,2021-04-07T08:00:21.150000Z,SEK,XSTO,XSTO,MonetaryAmount,N,12-------PH---,000029396,694.2,90,,,
138,6672,2021-04-07 09:00:21,2021-04-07T08:00:21.150000Z,SE0000310336,2021-04-07 09:00:21,2021-04-07T08:00:21.150000Z,SEK,XSTO,XSTO,MonetaryAmount,N,12-------PH---,000029397,694.2,16,,,
139,6671,2021-04-07 09:00:39,2021-04-07T08:00:39.350000Z,SE0000310336,2021-04-07 09:00:39,2021-04-07T08:00:39.350000Z,SEK,XSTO,XSTO,MonetaryAmount,N,12-------PH---,000031438,694.8,47,,,
140,6670,2021-04-07 09:00:52,2021-04-07T08:00:52.627000Z,SE0000310336,2021-04-07 09:00:52,2021-04-07T08:00:52.627000Z,SEK,XSTO,XSTO,MonetaryAmount,N,12-------PH---,000032577,694.8,90,,,
141,6669,2021-04-07 09:00:59,2021-04-07T08:00:59.170000Z,SE0000310336,2021-04-07 09:00:59,2021-04-07T08:00:59.170000Z,SEK,XSTO,XSTO,MonetaryAmount,N,12-------PH---,000033755,695.0,100,,,
142,6668,2021-04-07 09:00:59,2021-04-07T08:00:59.170000Z,SE0000310336,2021-04-07 09:00:59,2021-04-07T08:00:59.170000Z,SEK,XSTO,XSTO,MonetaryAmount,N,12-------PH---,000033756,695.0,100,,,
143,6667,2021-04-07 09:00:59,2021-04-07T08:00:59.170000Z,SE0000310336,2021-04-07 09:00:59,2021-04-07T08:00:59.170000Z,SEK,XSTO,XSTO,MonetaryAmount,N,12-------PH---,000033757,695.0,30,,,
144,6666,2021-04-07 09:00:59,2021-04-07T08:00:59.170000Z,SE0000310336,2021-04-07 09:00:59,2021-04-07T08:00:59.170000Z,SEK,XSTO,XSTO,MonetaryAmount,N,12-------PH---,000033758,695.0,70,,,
145,6665,2021-04-07 09:00:59,2021-04-07T08:00:59.170000Z,SE0000310336,2021-04-07 09:00:59,2021-04-07T08:00:59.170000Z,SEK,XSTO,XSTO,MonetaryAmount,N,12-------PH---,000033759,695.0,100,,,
146,6664,2021-04-07 09:00:59,2021-04-07T08:00:59.170000Z,SE0000310336,2021-04-07 09:00:59,2021-04-07T08:00:59.170000Z,SEK,XSTO,XSTO,MonetaryAmount,N,12-------PH---,000033760,695.0,3,,,
147,6663,2021-04-07 09:00:59,2021-04-07T08:00:59.170000Z,SE0000310336,2021-04-07 09:00:59,2021-04-07T08:00:59.170000Z,SEK,XSTO,XSTO,MonetaryAmount,N,12-------PH---,000033761,695.0,220,,,
148,6662,2021-04-07 09:00:59,2021-04-07T08:00:59.170000Z,SE0000310336,2021-04-07 09:00:59,2021-04-07T08:00:59.170000Z,SEK,XSTO,XSTO,MonetaryAmount,N,12-------PH---,000033762,695.0,108,,,
149,6661,2021-04-07 09:00:59,2021-04-07T08:00:59.170000Z,SE0000310336,2021-04-07 09:00:59,2021-04-07T08:00:59.170000Z,SEK,XSTO,XSTO,MonetaryAmount,N,12-------PH---,000033763,695.0,501,,,
150,6660,2021-04-07 09:00:59,2021-04-07T08:00:59.170000Z,SE0000310336,2021-04-07 09:00:59,2021-04-07T08:00:59.170000Z,SEK,XSTO,XSTO,MonetaryAmount,N,12-------PH---,000033764,695.0,194,,,
151,6659,2021-04-07 09:00:59,2021-04-07T08:00:59.170000Z,SE0000310336,2021-04-07 09:00:59,2021-04-07T08:00:59.170000Z,SEK,XSTO,XSTO,MonetaryAmount,N,12-------PH---,000033766,695.0,100,,,
152,6658,2021-04-07 09:00:59,2021-04-07T08:00:59.170000Z,SE0000310336,2021-04-07 09:00:59,2021-04-07T08:00:59.170000Z,SEK,XSTO,XSTO,MonetaryAmount,N,12-------PH---,000033767,695.0,100,,,
153,6657,2021-04-07 09:00:59,2021-04-07T08:00:59.170000Z,SE0000310336,2021-04-07 09:00:59,2021-04-07T08:00:59.170000Z,SEK,XSTO,XSTO,MonetaryAmount,N,12-------PH---,000033768,695.0,300,,,
154,6656,2021-04-07 09:00:59,2021-04-07T08:00:59.170000Z,SE0000310336,2021-04-07 09:00:59,2021-04-07T08:00:59.170000Z,SEK,XSTO,XSTO,MonetaryAmount,N,12-------PH---,000033769,695.0,100,,,
155,6655,2021-04-07 09:00:59,2021-04-07T08:00:59.170000Z,SE0000310336,2021-04-07 09:00:59,2021-04-07T08:00:59.170000Z,SEK,XSTO,XSTO,MonetaryAmount,N,12-------PH---,000033770,695.0,100,,,
156,6654,2021-04-07 09:00:59,2021-04-07T08:00:59.170000Z,SE0000310336,2021-04-07 09:00:59,2021-04-07T08:00:59.170000Z,SEK,XSTO,XSTO,MonetaryAmount,N,12-------PH---,000033771,695.0,100,,,
157,6653,2021-04-07 09:00:59,2021-04-07T08:00:59.170000Z,SE0000310336,2021-04-07 09:00:59,2021-04-07T08:00:59.170000Z,SEK,XSTO,XSTO,MonetaryAmount,N,12-------PH---,000033772,695.0,100,,,
158,6652,2021-04-07 09:00:59,2021-04-07T08:00:59.173000Z,SE0000310336,2021-04-07 09:00:59,2021-04-07T08:00:59.173000Z,SEK,XSTO,XSTO,MonetaryAmount,N,12-------P----,000033773,695.0,100,,,
159,6651,2021-04-07 09:00:59,2021-04-07T08:00:59.173000Z,SE0000310336,2021-04-07 09:00:59,2021-04-07T08:00:59.173000Z,SEK,XSTO,XSTO,MonetaryAmount,N,12-------PH---,000033774,695.0,100,,,
160,6650,2021-04-07 09:00:59,2021-04-07T08:00:59.173000Z,SE0000310336,2021-04-07 09:00:59,2021-04-07T08:00:59.173000Z,SEK,XSTO,XSTO,MonetaryAmount,N,12-------PH---,000033775,695.0,100,,,
161,6649,2021-04-07 09:00:59,2021-04-07T08:00:59.220000Z,SE0000310336,2021-04-07 09:00:59,2021-04-07T08:00:59.220000Z,SEK,XSTO,XSTO,MonetaryAmount,N,12-------PH---,000033776,694.8,90,,,
162,6648,2021-04-07 09:00:59,2021-04-07T08:00:59.220000Z,SE0000310336,2021-04-07 09:00:59,2021-04-07T08:00:59.220000Z,SEK,XSTO,XSTO,MonetaryAmount,N,12-------P----,000033777,695.0,100,,,
163,6647,2021-04-07 09:00:59,2021-04-07T08:00:59.220000Z,SE0000310336,2021-04-07 09:00:59,2021-04-07T08:00:59.220000Z,SEK,XSTO,XSTO,MonetaryAmount,N,12-------P----,000033778,695.0,67,,,
164,6646,2021-04-07 09:00:59,2021-04-07T08:00:59.413000Z,SE0000310336,2021-04-07 09:00:59,2021-04-07T08:00:59.413000Z,SEK,XSTO,XSTO,MonetaryAmount,N,12-------PH---,000033928,694.6,20,,,
165,6645,2021-04-07 09:00:59,2021-04-07T08:00:59.413000Z,SE0000310336,2021-04-07 09:00:59,2021-04-07T08:00:59.413000Z,SEK,XSTO,XSTO,MonetaryAmount,N,12-------PH---,000033929,694.6,17,,,
166,6644,2021-04-07 09:00:59,2021-04-07T08:00:59.413000Z,SE0000310336,2021-04-07 09:00:59,2021-04-07T08:00:59.413000Z,SEK,XSTO,XSTO,MonetaryAmount,N,12-------PH---,000033930,694.6,917,,,
167,6643,2021-04-07 09:00:59,2021-04-07T08:00:59.413000Z,SE0000310336,2021-04-07 09:00:59,2021-04-07T08:00:59.413000Z,SEK,XSTO,XSTO,MonetaryAmount,N,12-------PH---,000033931,694.6,39,,,
168,6642,2021-04-07 09:00:59,2021-04-07T08:00:59.413000Z,SE0000310336,2021-04-07 09:00:59,2021-04-07T08:00:59.413000Z,SEK,XSTO,XSTO,MonetaryAmount,N,12-------PH---,000033932,694.6,39,,,
169,6641,2021-04-07 09:01:05,2021-04-07T08:01:05.000000Z,SE0000310336,2021-04-07 09:01:05,2021-04-07T08:01:05.000000Z,SEK,XSTO,XSTO,MonetaryAmount,N,12-------PH---,000035544,694.4,7,,,
170,6640,2021-04-07 09:01:05,2021-04-07T08:01:05.000000Z,SE0000310336,2021-04-07 09:01:05,2021-04-07T08:01:05.000000Z,SEK,XSTO,XSTO,MonetaryAmount,N,12-------PH---,000035545,694.4,1,,,
171,6639,2021-04-07 09:01:06,2021-04-07T08:01:06.927000Z,SE0000310336,2021-04-07 09:01:06,2021-04-07T08:01:06.927000Z,SEK,XSTO,XSTO,MonetaryAmount,N,12-------PH---,000035813,694.8,3,,,
172,6638,2021-04-07 09:01:06,2021-04-07T08:01:06.927000Z,SE0000310336,2021-04-07 09:01:06,2021-04-07T08:01:06.927000Z,SEK,XSTO,XSTO,MonetaryAmount,N,12-------PH---,000035814,694.8,87,,,
173,6637,2021-04-07 09:01:06,2021-04-07T08:01:06.927000Z,SE0000310336,2021-04-07 09:01:06,2021-04-07T08:01:06.927000Z,SEK,XSTO,XSTO,MonetaryAmount,N,12-------PH---,000035815,694.8,299,,,
174,6636,2021-04-07 09:01:07,2021-04-07T08:01:07.027000Z,SE0000310336,2021-04-07 09:01:07,2021-04-07T08:01:07.027000Z,SEK,XSTO,XSTO,MonetaryAmount,N,12-------PH---,000035886,694.8,5,,,
175,6635,2021-04-07 09:01:07,2021-04-07T08:01:07.027000Z,SE0000310336,2021-04-07 09:01:07,2021-04-07T08:01:07.027000Z,SEK,XSTO,XSTO,MonetaryAmount,N,12-------PH---,000035887,694.8,49,,,
176,6634,2021-04-07 09:01:14,2021-04-07T08:01:14.177000Z,SE0000310336,2021-04-07 09:01:14,2021-04-07T08:01:14.177000Z,SEK,XSTO,XSTO,MonetaryAmount,N,12-------PH---,000036903,694.8,3,,,
177,6633,2021-04-07 09:01:14,2021-04-07T08:01:14.177000Z,SE0000310336,2021-04-07 09:01:14,2021-04-07T08:01:14.177000Z,SEK,XSTO,XSTO,MonetaryAmount,N,12-------PH---,000036904,694.8,119,,,
178,6632,2021-04-07 09:01:20,2021-04-07T08:01:20.193000Z,SE0000310336,2021-04-07 09:01:20,2021-04-07T08:01:20.193000Z,SEK,XSTO,XSTO,MonetaryAmount,N,12-------PH---,000038158,694.8,2,,,
179,6631,2021-04-07 09:01:26,2021-04-07T08:01:26.540000Z,SE0000310336,2021-04-07 09:01:26,2021-04-07T08:01:26.540000Z,SEK,XSTO,XSTO,MonetaryAmount,N,12-------PH---,000038763,694.4,90,,,
180,6630,2021-04-07 09:01:30,2021-04-07T08:01:30.227000Z,SE0000310336,2021-04-07 09:01:30,2021-04-07T08:01:30.227000Z,SEK,XSTO,XSTO,MonetaryAmount,N,12-------PH---,000039759,694.2,1,,,
181,6629,2021-04-07 09:01:30,2021-04-07T08:01:30.227000Z,SE0000310336,2021-04-07 09:01:30,2021-04-07T08:01:30.227000Z,SEK,XSTO,XSTO,MonetaryAmount,N,12-------PH---,000039760,694.2,13,,,
182,6628,2021-04-07 09:01:41,2021-04-07T08:01:41.283000Z,SE0000310336,2021-04-07 09:01:41,2021-04-07T08:01:41.283000Z,SEK,XSTO,XSTO,MonetaryAmount,N,12-------PH---,000041484,694.2,3,,,
183,6627,2021-04-07 09:01:49,2021-04-07T08:01:49.857000Z,SE0000310336,2021-04-07 09:01:49,2021-04-07T08:01:49.857000Z,SEK,XSTO,XSTO,MonetaryAmount,N,45-3-----PH---,F050052841,694.0,1,,,Standard Routed Trade
184,6626,2021-04-07 09:01:49,2021-04-07T08:01:49.870000Z,SE0000310336,2021-04-07 09:01:49,2021-04-07T08:01:49.873000Z,SEK,XSTO,XSTO,MonetaryAmount,N,12-------PH---,000042016,694.0,1,,,
185,6625,2021-04-07 09:01:49,2021-04-07T08:01:49.870000Z,SE0000310336,2021-04-07 09:01:49,2021-04-07T08:01:49.873000Z,SEK,XSTO,XSTO,MonetaryAmount,N,12-------PH---,000042017,694.0,295,,,
186,6624,2021-04-07 09:01:49,2021-04-07T08:01:49.873000Z,SE0000310336,2021-04-07 09:01:49,2021-04-07T08:01:49.873000Z,SEK,XSTO,XSTO,MonetaryAmount,N,12-------PH---,000042018,693.8,90,,,
187,6623,2021-04-07 09:01:49,2021-04-07T08:01:49.890000Z,SE0000310336,2021-04-07 09:01:49,2021-04-07T08:01:49.890000Z,SEK,XSTO,XSTO,MonetaryAmount,N,12-------PH---,000042019,693.8,140,,,
188,6622,2021-04-07 09:01:49,2021-04-07T08:01:49.890000Z,SE0000310336,2021-04-07 09:01:49,2021-04-07T08:01:49.890000Z,SEK,XSTO,XSTO,MonetaryAmount,N,12-------PH---,000042020,693.8,10,,,
189,6621,2021-04-07 09:01:57,2021-04-07T08:01:57.410000Z,SE0000310336,2021-04-07 09:01:57,2021-04-07T08:01:57.410000Z,SEK,XSTO,XSTO,MonetaryAmount,N,12-------PH---,000042573,693.8,2,,,
190,6620,2021-04-07 09:01:57,2021-04-07T08:01:57.410000Z,SE0000310336,2021-04-07 09:01:57,2021-04-07T08:01:57.410000Z,SEK,XSTO,XSTO,MonetaryAmount,N,12-------PH---,000042574,693.8,118,,,
191,6619,2021-04-07 09:01:57,2021-04-07T08:01:57.410000Z,SE0000310336,2021-04-07 09:01:57,2021-04-07T08:01:57.410000Z,SEK,XSTO,XSTO,MonetaryAmount,N,12-------PH---,000042575,693.8,77,,,
192,6618,2021-04-07 09:01:57,2021-04-07T08:01:57.433000Z,SE0000310336,2021-04-07 09:01:57,2021-04-07T08:01:57.433000Z,SEK,XSTO,XSTO,MonetaryAmount,N,12-------PH---,000042576,693.8,17,,,
193,6617,2021-04-07 09:02:28,2021-04-07T08:02:28.913000Z,SE0000310336,2021-04-07 09:02:28,2021-04-07T08:02:28.913000Z,SEK,XSTO,XSTO,MonetaryAmount,N,12-------PH---,000045277,693.8,76,,,
194,6616,2021-04-07 09:02:47,2021-04-07T08:02:47.823000Z,SE0000310336,2021-04-07 09:02:47,2021-04-07T08:02:47.823000Z,SEK,XSTO,XSTO,MonetaryAmount,N,45-3-----PH---,F050057820,694.2,4,,,Standard Routed Trade
195,6615,2021-04-07 09:02:51,2021-04-07T08:02:51.270000Z,SE0000310336,2021-04-07 09:02:51,2021-04-07T08:02:51.270000Z,SEK,XSTO,XSTO,MonetaryAmount,N,12-------PH---,000046839,694.0,66,,,
196,6614,2021-04-07 09:02:51,2021-04-07T08:02:51.270000Z,SE0000310336,2021-04-07 09:02:51,2021-04-07T08:02:51.270000Z,SEK,XSTO,XSTO,MonetaryAmount,N,12-------PH---,000046840,694.0,217,,,
197,6613,2021-04-07 09:02:51,2021-04-07T08:02:51.353000Z,SE0000310336,2021-04-07 09:02:51,2021-04-07T08:02:51.353000Z,SEK,XSTO,XSTO,MonetaryAmount,N,12-------PH---,000046987,694.0,56,,,
198,6612,2021-04-07 09:02:51,2021-04-07T08:02:51.353000Z,SE0000310336,2021-04-07 09:02:51,2021-04-07T08:02:51.353000Z,SEK,XSTO,XSTO,MonetaryAmount,N,12-------PH---,000046988,694.0,82,,,
199,6611,2021-04-07 09:02:51,2021-04-07T08:02:51.353000Z,SE0000310336,2021-04-07 09:02:51,2021-04-07T08:02:51.353000Z,SEK,XSTO,XSTO,MonetaryAmount,N,12-------PH---,000046989,694.0,32,,,
200,6610,2021-04-07 09:03:05,2021-04-07T08:03:05.310000Z,SE0000310336,2021-04-07 09:03:05,2021-04-07T08:03:05.310000Z,SEK,XSTO,XSTO,MonetaryAmount,N,12-------PH---,000048264,694.0,1,,,
201,6609,2021-04-07 09:03:10,2021-04-07T08:03:10.610000Z,SE0000310336,2021-04-07 09:03:10,2021-04-07T08:03:10.610000Z,SEK,XSTO,XSTO,MonetaryAmount,N,12-------PH---,000048707,694.0,1,,,
202,6608,2021-04-07 09:03:10,2021-04-07T08:03:10.610000Z,SE0000310336,2021-04-07 09:03:10,2021-04-07T08:03:10.610000Z,SEK,XSTO,XSTO,MonetaryAmount,N,12-------PH---,000048708,694.0,50,,,
203,6607,2021-04-07 09:03:10,2021-04-07T08:03:10.680000Z,SE0000310336,2021-04-07 09:03:10,2021-04-07T08:03:10.680000Z,SEK,XSTO,XSTO,MonetaryAmount,N,12-------PH---,000048712,694.0,90,,,
204,6606,2021-04-07 09:03:13,2021-04-07T08:03:13.133000Z,SE0000310336,2021-04-07 09:03:13,2021-04-07T08:03:13.133000Z,SEK,XSTO,XSTO,MonetaryAmount,N,45-3-----PH---,F050060282,693.8,18,,,Standard Routed Trade
205,6605,2021-04-07 09:03:13,2021-04-07T08:03:13.930000Z,SE0000310336,2021-04-07 09:03:13,2021-04-07T08:03:13.930000Z,SEK,XSTO,XSTO,MonetaryAmount,N,12-------PH---,000048952,694.0,3,,,
206,6604,2021-04-07 09:03:16,2021-04-07T08:03:16.680000Z,SE0000310336,2021-04-07 09:03:16,2021-04-07T08:03:16.680000Z,SEK,XSTO,XSTO,MonetaryAmount,N,12-------PH---,000049166,693.8,37,,,
207,6603,2021-04-07 09:03:19,2021-04-07T08:03:19.013000Z,SE0000310336,2021-04-07 09:03:19,2021-04-07T08:03:19.013000Z,SEK,XSTO,XSTO,MonetaryAmount,N,12-------PH---,000049296,694.0,7,,,
208,6602,2021-04-07 09:03:54,2021-04-07T08:03:54.143000Z,SE0000310336,2021-04-07 09:03:54,2021-04-07T08:03:54.143000Z,SEK,XSTO,XSTO,MonetaryAmount,N,12-------PH---,000051869,693.8,2,,,
209,6601,2021-04-07 09:03:58,2021-04-07T08:03:58.167000Z,SE0000310336,2021-04-07 09:03:58,2021-04-07T08:03:58.167000Z,SEK,XSTO,XSTO,MonetaryAmount,N,12-------PH---,000052095,693.8,11,,,
210,6600,2021-04-07 09:04:02,2021-04-07T08:04:02.623000Z,SE0000310336,2021-04-07 09:04:02,2021-04-07T08:04:02.623000Z,SEK,XSTO,XSTO,MonetaryAmount,N,12-------PH---,000052396,694.0,10,,,
211,6599,2021-04-07 09:04:07,2021-04-07T08:04:07.257000Z,SE0000310336,2021-04-07 09:04:07,2021-04-07T08:04:07.257000Z,SEK,XSTO,XSTO,MonetaryAmount,N,12-------PH---,000052772,694.0,90,,,
212,6598,2021-04-07 09:04:07,2021-04-07T08:04:07.277000Z,SE0000310336,2021-04-07 09:04:07,2021-04-07T08:04:07.277000Z,SEK,XSTO,XSTO,MonetaryAmount,N,12-------PH---,000052773,694.2,62,,,
213,6597,2021-04-07 09:04:11,2021-04-07T08:04:11.017000Z,SE0000310336,2021-04-07 09:04:11,2021-04-07T08:04:11.017000Z,SEK,XSTO,XSTO,MonetaryAmount,N,12-------PH---,000052946,694.0,90,,,
214,6596,2021-04-07 09:04:11,2021-04-07T08:04:11.080000Z,SE0000310336,2021-04-07 09:04:11,2021-04-07T08:04:11.080000Z,SEK,XSTO,XSTO,MonetaryAmount,N,12-------PH---,000052951,694.0,90,,,
215,6595,2021-04-07 09:04:31,2021-04-07T08:04:31.827000Z,SE0000310336,2021-04-07 09:04:31,2021-04-07T08:04:31.827000Z,SEK,XSTO,XSTO,MonetaryAmount,N,12-------PH---,000054500,694.2,11,,,
216,6594,2021-04-07 09:04:31,2021-04-07T08:04:31.827000Z,SE0000310336,2021-04-07 09:04:31,2021-04-07T08:04:31.827000Z,SEK,XSTO,XSTO,MonetaryAmount,N,12-------PH---,000054501,694.2,55,,,
217,6593,2021-04-07 09:04:32,2021-04-07T08:04:32.027000Z,SE0000310336,2021-04-07 09:04:32,2021-04-07T08:04:32.027000Z,SEK,MSTO,XSTO,MonetaryAmount,N,5U-------PH---,000054529,694.3,189,,,Auction On Demand
218,6592,2021-04-07 09:04:32,2021-04-07T08:04:32.053000Z,SE0000310336,2021-04-07 09:04:32,2021-04-07T08:04:32.053000Z,SEK,XSTO,XSTO,MonetaryAmount,N,12-------PH---,000054531,694.2,152,,,
219,6591,2021-04-07 09:04:32,2021-04-07T08:04:32.053000Z,SE0000310336,2021-04-07 09:04:32,2021-04-07T08:04:32.053000Z,SEK,XSTO,XSTO,MonetaryAmount,N,12-------PH---,000054532,694.2,83,,,
220,6590,2021-04-07 09:04:41,2021-04-07T08:04:41.127000Z,SE0000310336,2021-04-07 09:04:41,2021-04-07T08:04:41.127000Z,SEK,XSTO,XSTO,MonetaryAmount,N,12-------PH---,000055178,694.0,90,,,
221,6589,2021-04-07 09:04:41,2021-04-07T08:04:41.147000Z,SE0000310336,2021-04-07 09:04:41,2021-04-07T08:04:41.150000Z,SEK,XSTO,XSTO,MonetaryAmount,N,12-------PH---,000055181,694.0,267,,,
222,6588,2021-04-07 09:04:41,2021-04-07T08:04:41.503000Z,SE0000310336,2021-04-07 09:04:41,2021-04-07T08:04:41.503000Z,SEK,XSTO,XSTO,MonetaryAmount,N,12-------PH---,000055202,693.6,90,,,
223,6587,2021-04-07 09:04:41,2021-04-07T08:04:41.503000Z,SE0000310336,2021-04-07 09:04:41,2021-04-07T08:04:41.503000Z,SEK,XSTO,XSTO,MonetaryAmount,N,12-------PH---,000055203,693.6,71,,,
224,6586,2021-04-07 09:04:42,2021-04-07T08:04:42.010000Z,SE0000310336,2021-04-07 09:04:42,2021-04-07T08:04:42.010000Z,SEK,XSTO,XSTO,MonetaryAmount,N,12-------PH---,000055251,693.2,90,,,
225,6585,2021-04-07 09:04:42,2021-04-07T08:04:42.010000Z,SE0000310336,2021-04-07 09:04:42,2021-04-07T08:04:42.010000Z,SEK,XSTO,XSTO,MonetaryAmount,N,12-------PH---,000055252,693.0,27,,,
226,6584,2021-04-07 09:04:42,2021-04-07T08:04:42.027000Z,SE0000310336,2021-04-07 09:04:42,2021-04-07T08:04:42.027000Z,SEK,XSTO,XSTO,MonetaryAmount,N,12-------PH---,000055254,693.2,45,,,
227,6583,2021-04-07 09:04:57,2021-04-07T08:04:57.020000Z,SE0000310336,2021-04-07 09:04:57,2021-04-07T08:04:57.020000Z,SEK,XSTO,XSTO,MonetaryAmount,N,12-------PH---,000056246,693.2,27,,,
228,6582,2021-04-07 09:05:01,2021-04-07T08:05:01.383000Z,SE0000310336,2021-04-07 09:05:01,2021-04-07T08:05:01.383000Z,SEK,XSTO,XSTO,MonetaryAmount,N,12-------PH---,000056665,693.4,90,,,
229,6581,2021-04-07 09:05:02,2021-04-07T08:05:02.793000Z,SE0000310336,2021-04-07 09:05:02,2021-04-07T08:05:02.793000Z,SEK,XSTO,XSTO,MonetaryAmount,N,12-------PH---,000056742,693.2,90,,,
230,6580,2021-04-07 09:05:11,2021-04-07T08:05:11.690000Z,SE0000310336,2021-04-07 09:05:11,2021-04-07T08:05:11.690000Z,SEK,XSTO,XSTO,MonetaryAmount,N,45-3-----PH---,F050069835,693.2,5,,,Standard Routed Trade
231,6579,2021-04-07 09:05:13,2021-04-07T08:05:13.483000Z,SE0000310336,2021-04-07 09:05:13,2021-04-07T08:05:13.483000Z,SEK,MSTO,XSTO,MonetaryAmount,N,5U-------PH---,000057869,693.2,19,,,Auction On Demand
232,6578,2021-04-07 09:05:18,2021-04-07T08:05:18.150000Z,SE0000310336,2021-04-07 09:05:18,2021-04-07T08:05:18.150000Z,SEK,XSTO,XSTO,MonetaryAmount,N,12-------PH---,000058190,693.0,27,,,
233,6577,2021-04-07 09:05:25,2021-04-07T08:05:25.097000Z,SE0000310336,2021-04-07 09:05:25,2021-04-07T08:05:25.097000Z,SEK,XSTO,XSTO,MonetaryAmount,N,12-------PH---,000058828,693.0,4,,,
234,6576,2021-04-07 09:05:25,2021-04-07T08:05:25.117000Z,SE0000310336,2021-04-07 09:05:25,2021-04-07T08:05:25.117000Z,SEK,XSTO,XSTO,MonetaryAmount,N,12-------PH---,000058829,692.8,22,,,
235,6575,2021-04-07 09:05:25,2021-04-07T08:05:25.117000Z,SE0000310336,2021-04-07 09:05:25,2021-04-07T08:05:25.117000Z,SEK,XSTO,XSTO,MonetaryAmount,N,12-------PH---,000058830,692.8,39,,,
236,6574,2021-04-07 09:05:25,2021-04-07T08:05:25.887000Z,SE0000310336,2021-04-07 09:05:25,2021-04-07T08:05:25.887000Z,SEK,XSTO,XSTO,MonetaryAmount,N,12-------PH---,000058862,693.0,90,,,
237,6573,2021-04-07 09:05:25,2021-04-07T08:05:25.887000Z,SE0000310336,2021-04-07 09:05:25,2021-04-07T08:05:25.887000Z,SEK,XSTO,XSTO,MonetaryAmount,N,12-------PH---,000058863,693.0,16,,,
238,6572,2021-04-07 09:05:25,2021-04-07T08:05:25.907000Z,SE0000310336,2021-04-07 09:05:25,2021-04-07T08:05:25.907000Z,SEK,XSTO,XSTO,MonetaryAmount,N,12-------PH---,000058866,693.2,48,,,
239,6571,2021-04-07 09:05:26,2021-04-07T08:05:26.340000Z,SE0000310336,2021-04-07 09:05:26,2021-04-07T08:05:26.340000Z,SEK,XSTO,XSTO,MonetaryAmount,N,12-------PH---,000058932,693.2,119,,,
240,6570,2021-04-07 09:05:26,2021-04-07T08:05:26.387000Z,SE0000310336,2021-04-07 09:05:26,2021-04-07T08:05:26.383000Z,SEK,XSTO,XSTO,MonetaryAmount,N,45-3-----PH---,F050071262,693.2,25,,,Standard Routed Trade
241,6569,2021-04-07 09:05:34,2021-04-07T08:05:34.347000Z,SE0000310336,2021-04-07 09:05:34,2021-04-07T08:05:34.347000Z,SEK,XSTO,XSTO,MonetaryAmount,N,12-------PH---,000059632,693.0,35,,,
242,6568,2021-04-07 09:05:37,2021-04-07T08:05:37.970000Z,SE0000310336,2021-04-07 09:05:37,2021-04-07T08:05:37.970000Z,SEK,XSTO,XSTO,MonetaryAmount,N,12-------PH---,000059948,693.0,30,,,
243,6567,2021-04-07 09:05:43,2021-04-07T08:05:43.217000Z,SE0000310336,2021-04-07 09:05:43,2021-04-07T08:05:43.220000Z,SEK,XSTO,XSTO,MonetaryAmount,N,12-------PH---,000060506,693.0,90,,,
244,6566,2021-04-07 09:05:43,2021-04-07T08:05:43.217000Z,SE0000310336,2021-04-07 09:05:43,2021-04-07T08:05:43.220000Z,SEK,XSTO,XSTO,MonetaryAmount,N,12-------PH---,000060507,693.0,66,,,
245,6565,2021-04-07 09:05:43,2021-04-07T08:05:43.217000Z,SE0000310336,2021-04-07 09:05:43,2021-04-07T08:05:43.220000Z,SEK,XSTO,XSTO,MonetaryAmount,N,12-------PH---,000060508,693.0,136,,,
246,6564,2021-04-07 09:05:43,2021-04-07T08:05:43.240000Z,SE0000310336,2021-04-07 09:05:43,2021-04-07T08:05:43.240000Z,SEK,XSTO,XSTO,MonetaryAmount,N,12-------PH---,000060509,693.2,100,,,
247,6563,2021-04-07 09:05:43,2021-04-07T08:05:43.240000Z,SE0000310336,2021-04-07 09:05:43,2021-04-07T08:05:43.240000Z,SEK,XSTO,XSTO,MonetaryAmount,N,12-------PH---,000060510,693.0,36,,,
248,6562,2021-04-07 09:05:44,2021-04-07T08:05:44.927000Z,SE0000310336,2021-04-07 09:05:44,2021-04-07T08:05:44.927000Z,SEK,XSTO,XSTO,MonetaryAmount,N,45-3-----PH---,F050072950,693.2,9,,,Standard Routed Trade
249,6561,2021-04-07 09:05:53,2021-04-07T08:05:53.150000Z,SE0000310336,2021-04-07 09:05:53,2021-04-07T08:05:53.150000Z,SEK,XSTO,XSTO,MonetaryAmount,N,12-------PH---,000061163,692.8,14,,,
250,6560,2021-04-07 09:05:53,2021-04-07T08:05:53.150000Z,SE0000310336,2021-04-07 09:05:53,2021-04-07T08:05:53.150000Z,SEK,XSTO,XSTO,MonetaryAmount,N,12-------PH---,000061164,692.8,173,,,
251,6559,2021-04-07 09:05:53,2021-04-07T08:05:53.150000Z,SE0000310336,2021-04-07 09:05:53,2021-04-07T08:05:53.150000Z,SEK,XSTO,XSTO,MonetaryAmount,N,12-------PH---,000061165,692.8,281,,,
252,6558,2021-04-07 09:05:53,2021-04-07T08:05:53.207000Z,SE0000310336,2021-04-07 09:05:53,2021-04-07T08:05:53.207000Z,SEK,XSTO,XSTO,MonetaryAmount,N,12-------PH---,000061173,692.8,68,,,
253,6557,2021-04-07 09:05:58,2021-04-07T08:05:58.153000Z,SE0000310336,2021-04-07 09:05:58,2021-04-07T08:05:58.153000Z,SEK,XSTO,XSTO,MonetaryAmount,N,12-------PH---,000061499,692.8,4,,,
254,6556,2021-04-07 09:06:06,2021-04-07T08:06:06.537000Z,SE0000310336,2021-04-07 09:06:06,2021-04-07T08:06:06.537000Z,SEK,XSTO,XSTO,MonetaryAmount,N,12-------PH---,000062269,693.2,140,,,
255,6555,2021-04-07 09:06:22,2021-04-07T08:06:22.743000Z,SE0000310336,2021-04-07 09:06:22,2021-04-07T08:06:22.743000Z,SEK,XSTO,XSTO,MonetaryAmount,N,12-------PH---,000063544,693.2,2,,,
256,6554,2021-04-07 09:06:22,2021-04-07T08:06:22.743000Z,SE0000310336,2021-04-07 09:06:22,2021-04-07T08:06:22.743000Z,SEK,XSTO,XSTO,MonetaryAmount,N,12-------PH---,000063545,693.0,100,,,
257,6553,2021-04-07 09:06:23,2021-04-07T08:06:23.177000Z,SE0000310336,2021-04-07 09:06:23,2021-04-07T08:06:23.177000Z,SEK,XSTO,XSTO,MonetaryAmount,N,12-------PH---,000063629,692.8,37,,,
258,6552,2021-04-07 09:06:24,2021-04-07T08:06:24.443000Z,SE0000310336,2021-04-07 09:06:24,2021-04-07T08:06:24.447000Z,SEK,XSTO,XSTO,MonetaryAmount,N,12-------PH---,000063686,693.2,2,,,
259,6551,2021-04-07 09:06:31,2021-04-07T08:06:31.837000Z,SE0000310336,2021-04-07 09:06:31,2021-04-07T08:06:31.837000Z,SEK,XSTO,XSTO,MonetaryAmount,N,12-------PH---,000064289,693.2,88,,,
260,6550,2021-04-07 09:06:31,2021-04-07T08:06:31.837000Z,SE0000310336,2021-04-07 09:06:31,2021-04-07T08:06:31.837000Z,SEK,XSTO,XSTO,MonetaryAmount,N,12-------PH---,000064290,693.2,86,,,
261,6549,2021-04-07 09:06:31,2021-04-07T08:06:31.837000Z,SE0000310336,2021-04-07 09:06:31,2021-04-07T08:06:31.837000Z,SEK,XSTO,XSTO,MonetaryAmount,N,12-------PH---,000064291,693.2,100,,,
262,6548,2021-04-07 09:06:31,2021-04-07T08:06:31.837000Z,SE0000310336,2021-04-07 09:06:31,2021-04-07T08:06:31.837000Z,SEK,XSTO,XSTO,MonetaryAmount,N,12-------PH---,000064292,693.2,41,,,
263,6547,2021-04-07 09:06:31,2021-04-07T08:06:31.837000Z,SE0000310336,2021-04-07 09:06:31,2021-04-07T08:06:31.837000Z,SEK,XSTO,XSTO,MonetaryAmount,N,12-------PH---,000064293,693.2,92,,,
264,6546,2021-04-07 09:06:31,2021-04-07T08:06:31.837000Z,SE0000310336,2021-04-07 09:06:31,2021-04-07T08:06:31.837000Z,SEK,XSTO,XSTO,MonetaryAmount,N,12-------PH---,000064294,693.2,50,,,
265,6545,2021-04-07 09:06:31,2021-04-07T08:06:31.860000Z,SE0000310336,2021-04-07 09:06:31,2021-04-07T08:06:31.857000Z,SEK,XSTO,XSTO,MonetaryAmount,N,45-3-----PH---,F050076716,693.2,125,,,Standard Routed Trade
266,6544,2021-04-07 09:06:31,2021-04-07T08:06:31.860000Z,SE0000310336,2021-04-07 09:06:31,2021-04-07T08:06:31.860000Z,SEK,XSTO,XSTO,MonetaryAmount,N,12-------PH---,000064296,693.2,25,,,
267,6543,2021-04-07 09:06:31,2021-04-07T08:06:31.860000Z,SE0000310336,2021-04-07 09:06:31,2021-04-07T08:06:31.860000Z,SEK,XSTO,XSTO,MonetaryAmount,N,12-------PH---,000064297,693.4,38,,,
268,6542,2021-04-07 09:06:31,2021-04-07T08:06:31.860000Z,SE0000310336,2021-04-07 09:06:31,2021-04-07T08:06:31.860000Z,SEK,XSTO,XSTO,MonetaryAmount,N,12-------PH---,000064298,693.4,90,,,
269,6541,2021-04-07 09:06:31,2021-04-07T08:06:31.860000Z,SE0000310336,2021-04-07 09:06:31,2021-04-07T08:06:31.860000Z,SEK,XSTO,XSTO,MonetaryAmount,N,12-------PH---,000064299,693.4,101,,,
270,6540,2021-04-07 09:06:31,2021-04-07T08:06:31.860000Z,SE0000310336,2021-04-07 09:06:31,2021-04-07T08:06:31.860000Z,SEK,XSTO,XSTO,MonetaryAmount,N,12-------PH---,000064300,693.4,52,,,
271,6539,2021-04-07 09:06:31,2021-04-07T08:06:31.860000Z,SE0000310336,2021-04-07 09:06:31,2021-04-07T08:06:31.860000Z,SEK,XSTO,XSTO,MonetaryAmount,N,12-------PH---,000064301,693.6,50,,,
272,6538,2021-04-07 09:06:31,2021-04-07T08:06:31.860000Z,SE0000310336,2021-04-07 09:06:31,2021-04-07T08:06:31.860000Z,SEK,XSTO,XSTO,MonetaryAmount,N,12-------PH---,000064302,693.6,100,,,
273,6537,2021-04-07 09:06:31,2021-04-07T08:06:31.860000Z,SE0000310336,2021-04-07 09:06:31,2021-04-07T08:06:31.860000Z,SEK,XSTO,XSTO,MonetaryAmount,N,12-------PH---,000064303,693.6,86,,,
274,6536,2021-04-07 09:06:31,2021-04-07T08:06:31.860000Z,SE0000310336,2021-04-07 09:06:31,2021-04-07T08:06:31.860000Z,SEK,XSTO,XSTO,MonetaryAmount,N,12-------PH---,000064304,693.6,192,,,
275,6535,2021-04-07 09:06:31,2021-04-07T08:06:31.860000Z,SE0000310336,2021-04-07 09:06:31,2021-04-07T08:06:31.860000Z,SEK,XSTO,XSTO,MonetaryAmount,N,12-------PH---,000064305,693.6,134,,,
276,6534,2021-04-07 09:06:31,2021-04-07T08:06:31.860000Z,SE0000310336,2021-04-07 09:06:31,2021-04-07T08:06:31.860000Z,SEK,XSTO,XSTO,MonetaryAmount,N,12-------PH---,000064306,693.2,17,,,
277,6533,2021-04-07 09:06:31,2021-04-07T08:06:31.860000Z,SE0000310336,2021-04-07 09:06:31,2021-04-07T08:06:31.860000Z,SEK,XSTO,XSTO,MonetaryAmount,N,12-------PH---,000064307,693.2,38,,,
278,6532,2021-04-07 09:06:31,2021-04-07T08:06:31.860000Z,SE0000310336,2021-04-07 09:06:31,2021-04-07T08:06:31.860000Z,SEK,XSTO,XSTO,MonetaryAmount,N,12-------PH---,000064308,693.4,90,,,
279,6531,2021-04-07 09:06:31,2021-04-07T08:06:31.860000Z,SE0000310336,2021-04-07 09:06:31,2021-04-07T08:06:31.860000Z,SEK,XSTO,XSTO,MonetaryAmount,N,12-------PH---,000064309,693.2,90,,,
280,6530,2021-04-07 09:06:31,2021-04-07T08:06:31.890000Z,SE0000310336,2021-04-07 09:06:31,2021-04-07T08:06:31.890000Z,SEK,XSTO,XSTO,MonetaryAmount,N,12-------PH---,000064311,693.2,51,,,
281,6529,2021-04-07 09:06:31,2021-04-07T08:06:31.933000Z,SE0000310336,2021-04-07 09:06:31,2021-04-07T08:06:31.933000Z,SEK,XSTO,XSTO,MonetaryAmount,N,12-------PH---,000064314,693.2,39,,,
282,6528,2021-04-07 09:06:31,2021-04-07T08:06:31.933000Z,SE0000310336,2021-04-07 09:06:31,2021-04-07T08:06:31.933000Z,SEK,XSTO,XSTO,MonetaryAmount,N,12-------P----,000064315,693.2,43,,,
283,6527,2021-04-07 09:06:33,2021-04-07T08:06:33.297000Z,SE0000310336,2021-04-07 09:06:33,2021-04-07T08:06:33.297000Z,SEK,XSTO,XSTO,MonetaryAmount,N,12-------PH---,000064411,693.0,90,,,
284,6526,2021-04-07 09:06:33,2021-04-07T08:06:33.320000Z,SE0000310336,2021-04-07 09:06:33,2021-04-07T08:06:33.320000Z,SEK,XSTO,XSTO,MonetaryAmount,N,12-------PH---,000064414,693.2,21,,,
285,6525,2021-04-07 09:06:38,2021-04-07T08:06:38.830000Z,SE0000310336,2021-04-07 09:06:38,2021-04-07T08:06:38.830000Z,SEK,XSTO,XSTO,MonetaryAmount,N,12-------PH---,000064798,692.6,2,,,
286,6524,2021-04-07 09:06:38,2021-04-07T08:06:38.830000Z,SE0000310336,2021-04-07 09:06:38,2021-04-07T08:06:38.830000Z,SEK,XSTO,XSTO,MonetaryAmount,N,12-------PH---,000064799,692.6,50,,,
287,6523,2021-04-07 09:06:38,2021-04-07T08:06:38.830000Z,SE0000310336,2021-04-07 09:06:38,2021-04-07T08:06:38.830000Z,SEK,XSTO,XSTO,MonetaryAmount,N,12-------PH---,000064800,692.6,1,,,
288,6522,2021-04-07 09:06:38,2021-04-07T08:06:38.830000Z,SE0000310336,2021-04-07 09:06:38,2021-04-07T08:06:38.830000Z,SEK,XSTO,XSTO,MonetaryAmount,N,12-------PH---,000064801,692.6,90,,,
289,6521,2021-04-07 09:06:40,2021-04-07T08:06:40.267000Z,SE0000310336,2021-04-07 09:06:40,2021-04-07T08:06:40.267000Z,SEK,XSTO,XSTO,MonetaryAmount,N,12-------PH---,000064900,692.4,90,,,
290,6520,2021-04-07 09:06:43,2021-04-07T08:06:43.530000Z,SE0000310336,2021-04-07 09:06:43,2021-04-07T08:06:43.530000Z,SEK,XSTO,XSTO,MonetaryAmount,N,12-------PH---,000065170,692.6,2,,,
291,6519,2021-04-07 09:06:49,2021-04-07T08:06:49.260000Z,SE0000310336,2021-04-07 09:06:49,2021-04-07T08:06:49.260000Z,SEK,XSTO,XSTO,MonetaryAmount,N,12-------PH---,000065542,692.2,7,,,
292,6518,2021-04-07 09:06:49,2021-04-07T08:06:49.347000Z,SE0000310336,2021-04-07 09:06:49,2021-04-07T08:06:49.347000Z,SEK,XSTO,XSTO,MonetaryAmount,N,12-------PH---,000065545,692.0,5,,,
293,6517,2021-04-07 09:06:49,2021-04-07T08:06:49.347000Z,SE0000310336,2021-04-07 09:06:49,2021-04-07T08:06:49.347000Z,SEK,XSTO,XSTO,MonetaryAmount,N,12-------PH---,000065546,692.0,28,,,
294,6516,2021-04-07 09:06:52,2021-04-07T08:06:52.293000Z,SE0000310336,2021-04-07 09:06:52,2021-04-07T08:06:52.293000Z,SEK,XSTO,XSTO,MonetaryAmount,N,12-------PH---,000065711,692.0,65,,,
295,6515,2021-04-07 09:06:52,2021-04-07T08:06:52.293000Z,SE0000310336,2021-04-07 09:06:52,2021-04-07T08:06:52.293000Z,SEK,XSTO,XSTO,MonetaryAmount,N,12-------PH---,000065712,692.0,25,,,
296,6514,2021-04-07 09:06:52,2021-04-07T08:06:52.343000Z,SE0000310336,2021-04-07 09:06:52,2021-04-07T08:06:52.343000Z,SEK,XSTO,XSTO,MonetaryAmount,N,12-------PH---,000065716,692.0,86,,,
297,6513,2021-04-07 09:07:02,2021-04-07T08:07:02.023000Z,SE0000310336,2021-04-07 09:07:02,2021-04-07T08:07:02.023000Z,SEK,XSTO,XSTO,MonetaryAmount,N,12-------PH---,000066501,692.0,58,,,
298,6512,2021-04-07 09:07:02,2021-04-07T08:07:02.703000Z,SE0000310336,2021-04-07 09:07:02,2021-04-07T08:07:02.703000Z,SEK,XSTO,XSTO,MonetaryAmount,N,12-------PH---,000066564,692.2,82,,,
299,6511,2021-04-07 09:07:36,2021-04-07T08:07:36.283000Z,SE0000310336,2021-04-07 09:07:36,2021-04-07T08:07:36.283000Z,SEK,XSTO,XSTO,MonetaryAmount,N,12-------PH---,000069465,692.6,100,,,
300,6510,2021-04-07 09:07:37,2021-04-07T08:07:37.673000Z,SE0000310336,2021-04-07 09:07:37,2021-04-07T08:07:37.673000Z,SEK,XSTO,XSTO,MonetaryAmount,N,12-------PH---,000069576,692.6,90,,,
301,6509,2021-04-07 09:07:45,2021-04-07T08:07:45.123000Z,SE0000310336,2021-04-07 09:07:45,2021-04-07T08:07:45.123000Z,SEK,XSTO,XSTO,MonetaryAmount,N,12-------PH---,000070137,692.8,8,,,
302,6508,2021-04-07 09:07:50,2021-04-07T08:07:50.637000Z,SE0000310336,2021-04-07 09:07:50,2021-04-07T08:07:50.637000Z,SEK,XSTO,XSTO,MonetaryAmount,N,12-------PH---,000070477,692.8,30,,,
303,6507,2021-04-07 09:07:50,2021-04-07T08:07:50.637000Z,SE0000310336,2021-04-07 09:07:50,2021-04-07T08:07:50.637000Z,SEK,XSTO,XSTO,MonetaryAmount,N,12-------PH---,000070478,692.8,30,,,
304,6506,2021-04-07 09:08:01,2021-04-07T08:08:01.003000Z,SE0000310336,2021-04-07 09:08:01,2021-04-07T08:08:01.003000Z,SEK,XSTO,XSTO,MonetaryAmount,N,12-------PH---,000071143,693.0,2,,,
305,6505,2021-04-07 09:08:01,2021-04-07T08:08:01.177000Z,SE0000310336,2021-04-07 09:08:01,2021-04-07T08:08:01.177000Z,SEK,XSTO,XSTO,MonetaryAmount,N,12-------PH---,000071157,692.8,5,,,
306,6504,2021-04-07 09:08:03,2021-04-07T08:08:03.993000Z,SE0000310336,2021-04-07 09:08:03,2021-04-07T08:08:03.993000Z,SEK,XSTO,XSTO,MonetaryAmount,N,12-------PH---,000071382,692.6,64,,,
307,6503,2021-04-07 09:08:03,2021-04-07T08:08:03.993000Z,SE0000310336,2021-04-07 09:08:03,2021-04-07T08:08:03.993000Z,SEK,XSTO,XSTO,MonetaryAmount,N,12-------PH---,000071383,692.6,26,,,
308,6502,2021-04-07 09:08:03,2021-04-07T08:08:03.993000Z,SE0000310336,2021-04-07 09:08:03,2021-04-07T08:08:03.993000Z,SEK,XSTO,XSTO,MonetaryAmount,N,12-------PH---,000071384,692.6,100,,,
309,6501,2021-04-07 09:08:03,2021-04-07T08:08:03.993000Z,SE0000310336,2021-04-07 09:08:03,2021-04-07T08:08:03.993000Z,SEK,XSTO,XSTO,MonetaryAmount,N,12-------PH---,000071385,692.6,1,,,
310,6500,2021-04-07 09:08:08,2021-04-07T08:08:08.593000Z,SE0000310336,2021-04-07 09:08:08,2021-04-07T08:08:08.593000Z,SEK,XSTO,XSTO,MonetaryAmount,N,12-------PH---,000071718,692.6,130,,,
311,6499,2021-04-07 09:08:41,2021-04-07T08:08:41.333000Z,SE0000310336,2021-04-07 09:08:41,2021-04-07T08:08:41.333000Z,SEK,XSTO,XSTO,MonetaryAmount,N,12-------PH---,000074239,692.8,5,,,
312,6498,2021-04-07 09:08:41,2021-04-07T08:08:41.333000Z,SE0000310336,2021-04-07 09:08:41,2021-04-07T08:08:41.333000Z,SEK,XSTO,XSTO,MonetaryAmount,N,12-------PH---,000074240,693.0,67,,,
313,6497,2021-04-07 09:08:41,2021-04-07T08:08:41.333000Z,SE0000310336,2021-04-07 09:08:41,2021-04-07T08:08:41.333000Z,SEK,XSTO,XSTO,MonetaryAmount,N,12-------PH---,000074241,693.0,50,,,
314,6496,2021-04-07 09:08:41,2021-04-07T08:08:41.333000Z,SE0000310336,2021-04-07 09:08:41,2021-04-07T08:08:41.333000Z,SEK,XSTO,XSTO,MonetaryAmount,N,12-------PH---,000074242,693.0,96,,,
315,6495,2021-04-07 09:09:06,2021-04-07T08:09:06.197000Z,SE0000310336,2021-04-07 09:09:06,2021-04-07T08:09:06.197000Z,SEK,XSTO,XSTO,MonetaryAmount,N,12-------PH---,000076261,692.8,1,,,
316,6494,2021-04-07 09:09:06,2021-04-07T08:09:06.197000Z,SE0000310336,2021-04-07 09:09:06,2021-04-07T08:09:06.197000Z,SEK,XSTO,XSTO,MonetaryAmount,N,12-------PH---,000076262,692.8,99,,,
317,6493,2021-04-07 09:09:27,2021-04-07T08:09:27.310000Z,SE0000310336,2021-04-07 09:09:27,2021-04-07T08:09:27.310000Z,SEK,XSTO,XSTO,MonetaryAmount,N,12-------PH---,000078056,692.6,4,,,
318,6492,2021-04-07 09:09:38,2021-04-07T08:09:38.177000Z,SE0000310336,2021-04-07 09:09:38,2021-04-07T08:09:38.177000Z,SEK,XSTO,XSTO,MonetaryAmount,N,12-------PH---,000078939,692.8,1,,,
319,6491,2021-04-07 09:09:45,2021-04-07T08:09:45.140000Z,SE0000310336,2021-04-07 09:09:45,2021-04-07T08:09:45.140000Z,SEK,XSTO,XSTO,MonetaryAmount,N,12-------PH---,000079338,692.6,46,,,
320,6490,2021-04-07 09:09:45,2021-04-07T08:09:45.140000Z,SE0000310336,2021-04-07 09:09:45,2021-04-07T08:09:45.140000Z,SEK,XSTO,XSTO,MonetaryAmount,N,12-------PH---,000079339,692.6,123,,,
321,6489,2021-04-07 09:09:45,2021-04-07T08:09:45.140000Z,SE0000310336,2021-04-07 09:09:45,2021-04-07T08:09:45.140000Z,SEK,XSTO,XSTO,MonetaryAmount,N,12-------PH---,000079340,692.6,77,,,
322,6488,2021-04-07 09:09:45,2021-04-07T08:09:45.140000Z,SE0000310336,2021-04-07 09:09:45,2021-04-07T08:09:45.140000Z,SEK,XSTO,XSTO,MonetaryAmount,N,12-------PH---,000079341,692.6,109,,,
323,6487,2021-04-07 09:09:46,2021-04-07T08:09:46.243000Z,SE0000310336,2021-04-07 09:09:46,2021-04-07T08:09:46.243000Z,SEK,XSTO,XSTO,MonetaryAmount,N,12-------PH---,000079389,692.6,90,,,
324,6486,2021-04-07 09:10:04,2021-04-07T08:10:04.530000Z,SE0000310336,2021-04-07 09:10:04,2021-04-07T08:10:04.530000Z,SEK,XSTO,XSTO,MonetaryAmount,N,12-------PH---,000080552,692.6,2,,,
325,6485,2021-04-07 09:10:08,2021-04-07T08:10:08.763000Z,SE0000310336,2021-04-07 09:10:08,2021-04-07T08:10:08.763000Z,SEK,XSTO,XSTO,MonetaryAmount,N,12-------PH---,000080990,692.8,14,,,
326,6484,2021-04-07 09:10:08,2021-04-07T08:10:08.763000Z,SE0000310336,2021-04-07 09:10:08,2021-04-07T08:10:08.763000Z,SEK,XSTO,XSTO,MonetaryAmount,N,12-------PH---,000080991,692.8,56,,,
327,6483,2021-04-07 09:10:25,2021-04-07T08:10:25.543000Z,SE0000310336,2021-04-07 09:10:25,2021-04-07T08:10:25.543000Z,SEK,XSTO,XSTO,MonetaryAmount,N,12-------PH---,000082196,692.6,1,,,
328,6482,2021-04-07 09:10:25,2021-04-07T08:10:25.543000Z,SE0000310336,2021-04-07 09:10:25,2021-04-07T08:10:25.543000Z,SEK,XSTO,XSTO,MonetaryAmount,N,12-------PH---,000082197,692.6,21,,,
329,6481,2021-04-07 09:10:42,2021-04-07T08:10:42.027000Z,SE0000310336,2021-04-07 09:10:42,2021-04-07T08:10:42.027000Z,SEK,XSTO,XSTO,MonetaryAmount,N,12-------P----,000083357,692.6,58,,,
330,6480,2021-04-07 09:10:50,2021-04-07T08:10:50.760000Z,SE0000310336,2021-04-07 09:10:50,2021-04-07T08:10:50.760000Z,SEK,XSTO,XSTO,MonetaryAmount,N,12-------PH---,000083936,692.8,29,,,
331,6479,2021-04-07 09:10:50,2021-04-07T08:10:50.760000Z,SE0000310336,2021-04-07 09:10:50,2021-04-07T08:10:50.760000Z,SEK,XSTO,XSTO,MonetaryAmount,N,12-------PH---,000083937,692.8,12,,,
332,6478,2021-04-07 09:10:57,2021-04-07T08:10:57.290000Z,SE0000310336,2021-04-07 09:10:57,2021-04-07T08:10:57.290000Z,SEK,XSTO,XSTO,MonetaryAmount,N,45-3-----PH---,F050097416,692.8,27,,,Standard Routed Trade
333,6477,2021-04-07 09:11:03,2021-04-07T08:11:03.857000Z,SE0000310336,2021-04-07 09:11:03,2021-04-07T08:11:03.857000Z,SEK,XSTO,XSTO,MonetaryAmount,N,12-------PH---,000084944,692.8,24,,,
334,6476,2021-04-07 09:11:28,2021-04-07T08:11:28.153000Z,SE0000310336,2021-04-07 09:11:28,2021-04-07T08:11:28.153000Z,SEK,XSTO,XSTO,MonetaryAmount,N,12-------PH---,000086654,693.0,1,,,
335,6475,2021-04-07 09:11:41,2021-04-07T08:11:41.530000Z,SE0000310336,2021-04-07 09:11:41,2021-04-07T08:11:41.530000Z,SEK,XSTO,XSTO,MonetaryAmount,N,12-------PH---,000087619,693.0,99,,,
336,6474,2021-04-07 09:11:41,2021-04-07T08:11:41.530000Z,SE0000310336,2021-04-07 09:11:41,2021-04-07T08:11:41.530000Z,SEK,XSTO,XSTO,MonetaryAmount,N,12-------PH---,000087620,693.0,55,,,
337,6473,2021-04-07 09:11:41,2021-04-07T08:11:41.530000Z,SE0000310336,2021-04-07 09:11:41,2021-04-07T08:11:41.530000Z,SEK,XSTO,XSTO,MonetaryAmount,N,12-------PH---,000087621,693.0,40,,,
338,6472,2021-04-07 09:12:45,2021-04-07T08:12:45.713000Z,SE0000310336,2021-04-07 09:12:45,2021-04-07T08:12:45.713000Z,SEK,XSTO,XSTO,MonetaryAmount,N,12-------PH---,000091958,693.0,90,,,
339,6471,2021-04-07 09:12:45,2021-04-07T08:12:45.713000Z,SE0000310336,2021-04-07 09:12:45,2021-04-07T08:12:45.713000Z,SEK,XSTO,XSTO,MonetaryAmount,N,12-------PH---,000091959,693.0,42,,,
340,6470,2021-04-07 09:12:45,2021-04-07T08:12:45.853000Z,SE0000310336,2021-04-07 09:12:45,2021-04-07T08:12:45.853000Z,SEK,XSTO,XSTO,MonetaryAmount,N,12-------PH---,000091971,693.0,70,,,
341,6469,2021-04-07 09:12:45,2021-04-07T08:12:45.870000Z,SE0000310336,2021-04-07 09:12:45,2021-04-07T08:12:45.870000Z,SEK,XSTO,XSTO,MonetaryAmount,N,12-------PH---,000091972,693.2,111,,,
342,6468,2021-04-07 09:12:45,2021-04-07T08:12:45.870000Z,SE0000310336,2021-04-07 09:12:45,2021-04-07T08:12:45.870000Z,SEK,XSTO,XSTO,MonetaryAmount,N,12-------PH---,000091973,693.2,42,,,
343,6467,2021-04-07 09:12:45,2021-04-07T08:12:45.870000Z,SE0000310336,2021-04-07 09:12:45,2021-04-07T08:12:45.870000Z,SEK,XSTO,XSTO,MonetaryAmount,N,12-------PH---,000091974,693.2,100,,,
344,6466,2021-04-07 09:12:45,2021-04-07T08:12:45.890000Z,SE0000310336,2021-04-07 09:12:45,2021-04-07T08:12:45.890000Z,SEK,XSTO,XSTO,MonetaryAmount,N,12-------PH---,000091975,693.0,16,,,
345,6465,2021-04-07 09:12:45,2021-04-07T08:12:45.903000Z,SE0000310336,2021-04-07 09:12:45,2021-04-07T08:12:45.903000Z,SEK,XSTO,XSTO,MonetaryAmount,N,12-------PH---,000091976,693.2,16,,,
346,6464,2021-04-07 09:12:47,2021-04-07T08:12:47.673000Z,SE0000310336,2021-04-07 09:12:47,2021-04-07T08:12:47.673000Z,SEK,XSTO,XSTO,MonetaryAmount,N,12-------PH---,000092091,693.0,41,,,
347,6463,2021-04-07 09:12:47,2021-04-07T08:12:47.673000Z,SE0000310336,2021-04-07 09:12:47,2021-04-07T08:12:47.673000Z,SEK,XSTO,XSTO,MonetaryAmount,N,12-------PH---,000092092,693.0,81,,,
348,6462,2021-04-07 09:12:49,2021-04-07T08:12:49.093000Z,SE0000310336,2021-04-07 09:12:49,2021-04-07T08:12:49.093000Z,SEK,XSTO,XSTO,MonetaryAmount,N,12-------PH---,000092176,693.0,12,,,
349,6461,2021-04-07 09:12:54,2021-04-07T08:12:54.030000Z,SE0000310336,2021-04-07 09:12:54,2021-04-07T08:12:54.030000Z,SEK,XSTO,XSTO,MonetaryAmount,N,12-------PH---,000092488,693.2,2,,,
350,6460,2021-04-07 09:12:54,2021-04-07T08:12:54.030000Z,SE0000310336,2021-04-07 09:12:54,2021-04-07T08:12:54.030000Z,SEK,XSTO,XSTO,MonetaryAmount,N,12-------PH---,000092489,693.2,88,,,
351,6459,2021-04-07 09:12:54,2021-04-07T08:12:54.030000Z,SE0000310336,2021-04-07 09:12:54,2021-04-07T08:12:54.030000Z,SEK,XSTO,XSTO,MonetaryAmount,N,12-------PH---,000092490,693.2,66,,,
352,6458,2021-04-07 09:12:54,2021-04-07T08:12:54.030000Z,SE0000310336,2021-04-07 09:12:54,2021-04-07T08:12:54.030000Z,SEK,XSTO,XSTO,MonetaryAmount,N,12-------PH---,000092491,693.2,43,,,
353,6457,2021-04-07 09:12:54,2021-04-07T08:12:54.057000Z,SE0000310336,2021-04-07 09:12:54,2021-04-07T08:12:54.057000Z,SEK,XSTO,XSTO,MonetaryAmount,N,12-------PH---,000092494,693.2,17,,,
354,6456,2021-04-07 09:13:07,2021-04-07T08:13:07.650000Z,SE0000310336,2021-04-07 09:13:07,2021-04-07T08:13:07.650000Z,SEK,XSTO,XSTO,MonetaryAmount,N,12-------PH---,000093346,692.8,46,,,
355,6455,2021-04-07 09:13:07,2021-04-07T08:13:07.670000Z,SE0000310336,2021-04-07 09:13:07,2021-04-07T08:13:07.670000Z,SEK,XSTO,XSTO,MonetaryAmount,N,12-------PH---,000093347,692.8,90,,,
356,6454,2021-04-07 09:13:09,2021-04-07T08:13:09.767000Z,SE0000310336,2021-04-07 09:13:09,2021-04-07T08:13:09.767000Z,SEK,XSTO,XSTO,MonetaryAmount,N,12-------PH---,000093455,692.8,35,,,
357,6453,2021-04-07 09:13:14,2021-04-07T08:13:14.140000Z,SE0000310336,2021-04-07 09:13:14,2021-04-07T08:13:14.140000Z,SEK,XSTO,XSTO,MonetaryAmount,N,12-------PH---,000093763,693.0,100,,,
358,6452,2021-04-07 09:13:24,2021-04-07T08:13:24.507000Z,SE0000310336,2021-04-07 09:13:24,2021-04-07T08:13:24.507000Z,SEK,XSTO,XSTO,MonetaryAmount,N,12-------PH---,000094449,693.0,44,,,
359,6451,2021-04-07 09:13:24,2021-04-07T08:13:24.610000Z,SE0000310336,2021-04-07 09:13:24,2021-04-07T08:13:24.610000Z,SEK,XSTO,XSTO,MonetaryAmount,N,12-------PH---,000094453,693.0,6,,,
360,6450,2021-04-07 09:13:24,2021-04-07T08:13:24.630000Z,SE0000310336,2021-04-07 09:13:24,2021-04-07T08:13:24.630000Z,SEK,XSTO,XSTO,MonetaryAmount,N,12-------PH---,000094454,693.0,51,,,
361,6449,2021-04-07 09:13:26,2021-04-07T08:13:26.647000Z,SE0000310336,2021-04-07 09:13:26,2021-04-07T08:13:26.647000Z,SEK,XSTO,XSTO,MonetaryAmount,N,12-------PH---,000094531,692.8,81,,,
362,6448,2021-04-07 09:13:33,2021-04-07T08:13:33.913000Z,SE0000310336,2021-04-07 09:13:33,2021-04-07T08:13:33.913000Z,SEK,XSTO,XSTO,MonetaryAmount,N,12-------PH---,000095070,692.6,90,,,
363,6447,2021-04-07 09:13:33,2021-04-07T08:13:33.913000Z,SE0000310336,2021-04-07 09:13:33,2021-04-07T08:13:33.913000Z,SEK,XSTO,XSTO,MonetaryAmount,N,12-------PH---,000095071,692.6,61,,,
364,6446,2021-04-07 09:13:46,2021-04-07T08:13:46.957000Z,SE0000310336,2021-04-07 09:13:46,2021-04-07T08:13:46.957000Z,SEK,XSTO,XSTO,MonetaryAmount,N,12-------PH---,000095784,692.8,29,,,
365,6445,2021-04-07 09:13:46,2021-04-07T08:13:46.957000Z,SE0000310336,2021-04-07 09:13:46,2021-04-07T08:13:46.957000Z,SEK,XSTO,XSTO,MonetaryAmount,N,12-------PH---,000095785,692.8,10,,,
366,6444,2021-04-07 09:13:46,2021-04-07T08:13:46.957000Z,SE0000310336,2021-04-07 09:13:46,2021-04-07T08:13:46.957000Z,SEK,XSTO,XSTO,MonetaryAmount,N,12-------PH---,000095786,692.8,37,,,
367,6443,2021-04-07 09:14:12,2021-04-07T08:14:12.740000Z,SE0000310336,2021-04-07 09:14:12,2021-04-07T08:14:12.740000Z,SEK,XSTO,XSTO,MonetaryAmount,N,12-------PH---,000097164,693.0,26,,,
368,6442,2021-04-07 09:14:12,2021-04-07T08:14:12.740000Z,SE0000310336,2021-04-07 09:14:12,2021-04-07T08:14:12.740000Z,SEK,XSTO,XSTO,MonetaryAmount,N,12-------PH---,000097165,693.0,24,,,
369,6441,2021-04-07 09:14:24,2021-04-07T08:14:24.307000Z,SE0000310336,2021-04-07 09:14:24,2021-04-07T08:14:24.307000Z,SEK,XSTO,XSTO,MonetaryAmount,N,12-------PH---,000097924,693.2,90,,,
370,6440,2021-04-07 09:14:38,2021-04-07T08:14:38.300000Z,SE0000310336,2021-04-07 09:14:38,2021-04-07T08:14:38.300000Z,SEK,XSTO,XSTO,MonetaryAmount,N,12-------PH---,000098682,693.4,6,,,
371,6439,2021-04-07 09:14:38,2021-04-07T08:14:38.300000Z,SE0000310336,2021-04-07 09:14:38,2021-04-07T08:14:38.300000Z,SEK,XSTO,XSTO,MonetaryAmount,N,12-------PH---,000098683,693.4,65,,,
372,6438,2021-04-07 09:14:56,2021-04-07T08:14:56.003000Z,SE0000310336,2021-04-07 09:14:56,2021-04-07T08:14:56.003000Z,SEK,XSTO,XSTO,MonetaryAmount,N,12-------PH---,000099821,693.6,8,,,
373,6437,2021-04-07 09:14:56,2021-04-07T08:14:56.003000Z,SE0000310336,2021-04-07 09:14:56,2021-04-07T08:14:56.003000Z,SEK,XSTO,XSTO,MonetaryAmount,N,12-------PH---,000099822,693.6,55,,,
374,6436,2021-04-07 09:14:56,2021-04-07T08:14:56.003000Z,SE0000310336,2021-04-07 09:14:56,2021-04-07T08:14:56.003000Z,SEK,XSTO,XSTO,MonetaryAmount,N,12-------PH---,000099823,693.6,9,,,
375,6435,2021-04-07 09:14:56,2021-04-07T08:14:56.003000Z,SE0000310336,2021-04-07 09:14:56,2021-04-07T08:14:56.003000Z,SEK,XSTO,XSTO,MonetaryAmount,N,12-------PH---,000099824,693.6,34,,,
376,6434,2021-04-07 09:14:56,2021-04-07T08:14:56.180000Z,SE0000310336,2021-04-07 09:14:56,2021-04-07T08:14:56.180000Z,SEK,XSTO,XSTO,MonetaryAmount,N,12-------PH---,000099836,693.6,90,,,
377,6433,2021-04-07 09:14:56,2021-04-07T08:14:56.220000Z,SE0000310336,2021-04-07 09:14:56,2021-04-07T08:14:56.220000Z,SEK,XSTO,XSTO,MonetaryAmount,N,12-------PH---,000099837,693.4,1,,,
378,6432,2021-04-07 09:14:56,2021-04-07T08:14:56.220000Z,SE0000310336,2021-04-07 09:14:56,2021-04-07T08:14:56.220000Z,SEK,XSTO,XSTO,MonetaryAmount,N,12-------PH---,000099838,693.4,2,,,
379,6431,2021-04-07 09:14:56,2021-04-07T08:14:56.220000Z,SE0000310336,2021-04-07 09:14:56,2021-04-07T08:14:56.220000Z,SEK,XSTO,XSTO,MonetaryAmount,N,12-------PH---,000099839,693.4,72,,,
380,6430,2021-04-07 09:15:00,2021-04-07T08:15:00.367000Z,SE0000310336,2021-04-07 09:15:00,2021-04-07T08:15:00.367000Z,SEK,XSTO,XSTO,MonetaryAmount,N,12-------PH---,000100089,693.2,70,,,
381,6429,2021-04-07 09:15:04,2021-04-07T08:15:04.140000Z,SE0000310336,2021-04-07 09:15:04,2021-04-07T08:15:04.140000Z,SEK,XSTO,XSTO,MonetaryAmount,N,12-------PH---,000100297,693.2,39,,,
382,6428,2021-04-07 09:15:04,2021-04-07T08:15:04.140000Z,SE0000310336,2021-04-07 09:15:04,2021-04-07T08:15:04.140000Z,SEK,XSTO,XSTO,MonetaryAmount,N,12-------PH---,000100298,693.2,51,,,
383,6427,2021-04-07 09:15:10,2021-04-07T08:15:10.307000Z,SE0000310336,2021-04-07 09:15:10,2021-04-07T08:15:10.307000Z,SEK,XSTO,XSTO,MonetaryAmount,N,12-------PH---,000100589,693.4,2,,,
384,6426,2021-04-07 09:15:10,2021-04-07T08:15:10.307000Z,SE0000310336,2021-04-07 09:15:10,2021-04-07T08:15:10.307000Z,SEK,XSTO,XSTO,MonetaryAmount,N,12-------PH---,000100590,693.4,48,,,
385,6425,2021-04-07 09:15:20,2021-04-07T08:15:20.677000Z,SE0000310336,2021-04-07 09:15:20,2021-04-07T08:15:20.677000Z,SEK,XSTO,XSTO,MonetaryAmount,N,12-------PH---,000101234,693.6,2,,,
386,6424,2021-04-07 09:15:20,2021-04-07T08:15:20.677000Z,SE0000310336,2021-04-07 09:15:20,2021-04-07T08:15:20.677000Z,SEK,XSTO,XSTO,MonetaryAmount,N,12-------PH---,000101235,693.6,65,,,
387,6423,2021-04-07 09:15:24,2021-04-07T08:15:24.337000Z,SE0000310336,2021-04-07 09:15:24,2021-04-07T08:15:24.337000Z,SEK,XSTO,XSTO,MonetaryAmount,N,12-------PH---,000101466,693.8,87,,,
388,6422,2021-04-07 09:15:24,2021-04-07T08:15:24.337000Z,SE0000310336,2021-04-07 09:15:24,2021-04-07T08:15:24.337000Z,SEK,XSTO,XSTO,MonetaryAmount,N,12-------PH---,000101467,693.8,25,,,
389,6421,2021-04-07 09:15:24,2021-04-07T08:15:24.337000Z,SE0000310336,2021-04-07 09:15:24,2021-04-07T08:15:24.337000Z,SEK,XSTO,XSTO,MonetaryAmount,N,12-------PH---,000101468,694.0,82,,,
390,6420,2021-04-07 09:15:24,2021-04-07T08:15:24.337000Z,SE0000310336,2021-04-07 09:15:24,2021-04-07T08:15:24.337000Z,SEK,XSTO,XSTO,MonetaryAmount,N,12-------PH---,000101469,694.0,10,,,
391,6419,2021-04-07 09:15:24,2021-04-07T08:15:24.337000Z,SE0000310336,2021-04-07 09:15:24,2021-04-07T08:15:24.337000Z,SEK,XSTO,XSTO,MonetaryAmount,N,12-------PH---,000101470,694.0,31,,,
392,6418,2021-04-07 09:15:24,2021-04-07T08:15:24.337000Z,SE0000310336,2021-04-07 09:15:24,2021-04-07T08:15:24.337000Z,SEK,XSTO,XSTO,MonetaryAmount,N,12-------PH---,000101471,694.2,82,,,
393,6417,2021-04-07 09:15:24,2021-04-07T08:15:24.337000Z,SE0000310336,2021-04-07 09:15:24,2021-04-07T08:15:24.337000Z,SEK,XSTO,XSTO,MonetaryAmount,N,12-------PH---,000101472,694.2,50,,,
394,6416,2021-04-07 09:15:24,2021-04-07T08:15:24.337000Z,SE0000310336,2021-04-07 09:15:24,2021-04-07T08:15:24.337000Z,SEK,XSTO,XSTO,MonetaryAmount,N,12-------PH---,000101473,694.2,56,,,
395,6415,2021-04-07 09:15:24,2021-04-07T08:15:24.337000Z,SE0000310336,2021-04-07 09:15:24,2021-04-07T08:15:24.337000Z,SEK,XSTO,XSTO,MonetaryAmount,N,12-------PH---,000101474,694.2,92,,,
396,6414,2021-04-07 09:15:24,2021-04-07T08:15:24.337000Z,SE0000310336,2021-04-07 09:15:24,2021-04-07T08:15:24.337000Z,SEK,XSTO,XSTO,MonetaryAmount,N,12-------PH---,000101475,694.2,879,,,
397,6413,2021-04-07 09:15:24,2021-04-07T08:15:24.337000Z,SE0000310336,2021-04-07 09:15:24,2021-04-07T08:15:24.337000Z,SEK,XSTO,XSTO,MonetaryAmount,N,12-------PH---,000101476,694.2,180,,,
398,6412,2021-04-07 09:15:24,2021-04-07T08:15:24.337000Z,SE0000310336,2021-04-07 09:15:24,2021-04-07T08:15:24.337000Z,SEK,XSTO,XSTO,MonetaryAmount,N,12-------PH---,000101477,694.2,74,,,
399,6411,2021-04-07 09:15:24,2021-04-07T08:15:24.340000Z,SE0000310336,2021-04-07 09:15:24,2021-04-07T08:15:24.340000Z,SEK,XSTO,XSTO,MonetaryAmount,N,12-------PH---,000101479,694.0,90,,,
400,6410,2021-04-07 09:15:24,2021-04-07T08:15:24.377000Z,SE0000310336,2021-04-07 09:15:24,2021-04-07T08:15:24.377000Z,SEK,XSTO,XSTO,MonetaryAmount,N,12-------PH---,000101481,694.2,81,,,
401,6409,2021-04-07 09:15:24,2021-04-07T08:15:24.377000Z,SE0000310336,2021-04-07 09:15:24,2021-04-07T08:15:24.377000Z,SEK,XSTO,XSTO,MonetaryAmount,N,12-------PH---,000101482,694.2,9,,,
402,6408,2021-04-07 09:15:24,2021-04-07T08:15:24.377000Z,SE0000310336,2021-04-07 09:15:24,2021-04-07T08:15:24.377000Z,SEK,XSTO,XSTO,MonetaryAmount,N,12-------PH---,000101483,694.2,36,,,
403,6407,2021-04-07 09:15:24,2021-04-07T08:15:24.377000Z,SE0000310336,2021-04-07 09:15:24,2021-04-07T08:15:24.377000Z,SEK,XSTO,XSTO,MonetaryAmount,N,12-------PH---,000101484,694.2,100,,,
404,6406,2021-04-07 09:15:24,2021-04-07T08:15:24.393000Z,SE0000310336,2021-04-07 09:15:24,2021-04-07T08:15:24.393000Z,SEK,XSTO,XSTO,MonetaryAmount,N,12-------PH---,000101488,694.0,90,,,
405,6405,2021-04-07 09:15:25,2021-04-07T08:15:25.910000Z,SE0000310336,2021-04-07 09:15:25,2021-04-07T08:15:25.910000Z,SEK,XSTO,XSTO,MonetaryAmount,N,12-------P----,000101570,694.0,35,,,
406,6404,2021-04-07 09:15:26,2021-04-07T08:15:26.107000Z,SE0000310336,2021-04-07 09:15:26,2021-04-07T08:15:26.107000Z,SEK,XSTO,XSTO,MonetaryAmount,N,12-------PH---,000101580,693.8,90,,,
407,6403,2021-04-07 09:15:26,2021-04-07T08:15:26.107000Z,SE0000310336,2021-04-07 09:15:26,2021-04-07T08:15:26.107000Z,SEK,XSTO,XSTO,MonetaryAmount,N,12-------PH---,000101581,693.8,110,,,
408,6402,2021-04-07 09:15:30,2021-04-07T08:15:30.053000Z,SE0000310336,2021-04-07 09:15:30,2021-04-07T08:15:30.053000Z,SEK,XSTO,XSTO,MonetaryAmount,N,12-------PH---,000101840,694.0,2,,,
409,6401,2021-04-07 09:15:30,2021-04-07T08:15:30.053000Z,SE0000310336,2021-04-07 09:15:30,2021-04-07T08:15:30.053000Z,SEK,XSTO,XSTO,MonetaryAmount,N,12-------PH---,000101841,694.0,7,,,
410,6400,2021-04-07 09:15:30,2021-04-07T08:15:30.053000Z,SE0000310336,2021-04-07 09:15:30,2021-04-07T08:15:30.053000Z,SEK,XSTO,XSTO,MonetaryAmount,N,12-------PH---,000101842,694.0,105,,,
411,6399,2021-04-07 09:15:30,2021-04-07T08:15:30.237000Z,SE0000310336,2021-04-07 09:15:30,2021-04-07T08:15:30.237000Z,SEK,XSTO,XSTO,MonetaryAmount,N,12-------P----,000101860,694.2,13,,,
412,6398,2021-04-07 09:15:30,2021-04-07T08:15:30.237000Z,SE0000310336,2021-04-07 09:15:30,2021-04-07T08:15:30.237000Z,SEK,XSTO,XSTO,MonetaryAmount,N,12-------P----,000101861,694.2,92,,,
413,6397,2021-04-07 09:15:30,2021-04-07T08:15:30.903000Z,SE0000310336,2021-04-07 09:15:30,2021-04-07T08:15:30.903000Z,SEK,XSTO,XSTO,MonetaryAmount,N,12-------PH---,000101887,694.4,18,,,
414,6396,2021-04-07 09:15:44,2021-04-07T08:15:44.953000Z,SE0000310336,2021-04-07 09:15:44,2021-04-07T08:15:44.953000Z,SEK,XSTO,XSTO,MonetaryAmount,N,12-------PH---,000102772,694.4,17,,,
415,6395,2021-04-07 09:15:44,2021-04-07T08:15:44.953000Z,SE0000310336,2021-04-07 09:15:44,2021-04-07T08:15:44.953000Z,SEK,XSTO,XSTO,MonetaryAmount,N,12-------P----,000102773,694.4,63,,,
416,6394,2021-04-07 09:15:44,2021-04-07T08:15:44.953000Z,SE0000310336,2021-04-07 09:15:44,2021-04-07T08:15:44.953000Z,SEK,XSTO,XSTO,MonetaryAmount,N,12-------PH---,000102774,694.4,3,,,
417,6393,2021-04-07 09:15:44,2021-04-07T08:15:44.953000Z,SE0000310336,2021-04-07 09:15:44,2021-04-07T08:15:44.953000Z,SEK,XSTO,XSTO,MonetaryAmount,N,12-------PH---,000102775,694.4,65,,,
418,6392,2021-04-07 09:15:44,2021-04-07T08:15:44.953000Z,SE0000310336,2021-04-07 09:15:44,2021-04-07T08:15:44.953000Z,SEK,XSTO,XSTO,MonetaryAmount,N,12-------PH---,000102776,694.4,117,,,
419,6391,2021-04-07 09:15:49,2021-04-07T08:15:49.047000Z,SE0000310336,2021-04-07 09:15:49,2021-04-07T08:15:49.047000Z,SEK,XSTO,XSTO,MonetaryAmount,N,12-------PH---,000103034,694.4,90,,,
420,6390,2021-04-07 09:15:49,2021-04-07T08:15:49.047000Z,SE0000310336,2021-04-07 09:15:49,2021-04-07T08:15:49.047000Z,SEK,XSTO,XSTO,MonetaryAmount,N,12-------PH---,000103035,694.4,104,,,
421,6389,2021-04-07 09:15:49,2021-04-07T08:15:49.047000Z,SE0000310336,2021-04-07 09:15:49,2021-04-07T08:15:49.047000Z,SEK,XSTO,XSTO,MonetaryAmount,N,12-------PH---,000103036,694.4,146,,,
422,6388,2021-04-07 09:15:49,2021-04-07T08:15:49.047000Z,SE0000310336,2021-04-07 09:15:49,2021-04-07T08:15:49.047000Z,SEK,XSTO,XSTO,MonetaryAmount,N,12-------PH---,000103037,694.4,114,,,
423,6387,2021-04-07 09:16:01,2021-04-07T08:16:01.560000Z,SE0000310336,2021-04-07 09:16:01,2021-04-07T08:16:01.560000Z,SEK,XSTO,XSTO,MonetaryAmount,N,12-------PH---,000103741,694.4,36,,,
424,6386,2021-04-07 09:16:01,2021-04-07T08:16:01.560000Z,SE0000310336,2021-04-07 09:16:01,2021-04-07T08:16:01.560000Z,SEK,XSTO,XSTO,MonetaryAmount,N,12-------PH---,000103742,694.4,7,,,
425,6385,2021-04-07 09:16:01,2021-04-07T08:16:01.580000Z,SE0000310336,2021-04-07 09:16:01,2021-04-07T08:16:01.580000Z,SEK,XSTO,XSTO,MonetaryAmount,N,12-------PH---,000103743,694.6,100,,,
426,6384,2021-04-07 09:16:02,2021-04-07T08:16:02.313000Z,SE0000310336,2021-04-07 09:16:02,2021-04-07T08:16:02.313000Z,SEK,XSTO,XSTO,MonetaryAmount,N,12-------PH---,000103791,694.8,102,,,
427,6383,2021-04-07 09:16:02,2021-04-07T08:16:02.313000Z,SE0000310336,2021-04-07 09:16:02,2021-04-07T08:16:02.313000Z,SEK,XSTO,XSTO,MonetaryAmount,N,12-------PH---,000103792,694.8,77,,,
428,6382,2021-04-07 09:16:02,2021-04-07T08:16:02.313000Z,SE0000310336,2021-04-07 09:16:02,2021-04-07T08:16:02.313000Z,SEK,XSTO,XSTO,MonetaryAmount,N,12-------PH---,000103793,694.8,27,,,
429,6381,2021-04-07 09:16:02,2021-04-07T08:16:02.313000Z,SE0000310336,2021-04-07 09:16:02,2021-04-07T08:16:02.313000Z,SEK,XSTO,XSTO,MonetaryAmount,N,12-------PH---,000103794,694.8,8,,,
430,6380,2021-04-07 09:16:04,2021-04-07T08:16:04.757000Z,SE0000310336,2021-04-07 09:16:04,2021-04-07T08:16:04.757000Z,SEK,XSTO,XSTO,MonetaryAmount,N,12-------P----,000104023,695.0,33,,,
431,6379,2021-04-07 09:16:04,2021-04-07T08:16:04.757000Z,SE0000310336,2021-04-07 09:16:04,2021-04-07T08:16:04.757000Z,SEK,XSTO,XSTO,MonetaryAmount,N,12-------P----,000104024,695.0,100,,,
432,6378,2021-04-07 09:16:04,2021-04-07T08:16:04.757000Z,SE0000310336,2021-04-07 09:16:04,2021-04-07T08:16:04.757000Z,SEK,XSTO,XSTO,MonetaryAmount,N,12-------P----,000104025,695.0,100,,,
433,6377,2021-04-07 09:16:04,2021-04-07T08:16:04.757000Z,SE0000310336,2021-04-07 09:16:04,2021-04-07T08:16:04.757000Z,SEK,XSTO,XSTO,MonetaryAmount,N,12-------PH---,000104026,695.0,4,,,
434,6376,2021-04-07 09:16:04,2021-04-07T08:16:04.757000Z,SE0000310336,2021-04-07 09:16:04,2021-04-07T08:16:04.757000Z,SEK,XSTO,XSTO,MonetaryAmount,N,12-------PH---,000104027,695.0,100,,,
435,6375,2021-04-07 09:16:04,2021-04-07T08:16:04.757000Z,SE0000310336,2021-04-07 09:16:04,2021-04-07T08:16:04.757000Z,SEK,XSTO,XSTO,MonetaryAmount,N,12-------PH---,000104028,695.0,204,,,
436,6374,2021-04-07 09:16:04,2021-04-07T08:16:04.807000Z,SE0000310336,2021-04-07 09:16:04,2021-04-07T08:16:04.807000Z,SEK,XSTO,XSTO,MonetaryAmount,N,12-------P----,000104041,695.0,98,,,
437,6373,2021-04-07 09:16:04,2021-04-07T08:16:04.807000Z,SE0000310336,2021-04-07 09:16:04,2021-04-07T08:16:04.807000Z,SEK,XSTO,XSTO,MonetaryAmount,N,12-------PH---,000104042,695.0,2,,,
438,6372,2021-04-07 09:16:04,2021-04-07T08:16:04.807000Z,SE0000310336,2021-04-07 09:16:04,2021-04-07T08:16:04.807000Z,SEK,XSTO,XSTO,MonetaryAmount,N,12-------PH---,000104043,695.0,100,,,
439,6371,2021-04-07 09:16:04,2021-04-07T08:16:04.807000Z,SE0000310336,2021-04-07 09:16:04,2021-04-07T08:16:04.807000Z,SEK,XSTO,XSTO,MonetaryAmount,N,12-------PH---,000104044,695.0,102,,,
440,6370,2021-04-07 09:16:04,2021-04-07T08:16:04.807000Z,SE0000310336,2021-04-07 09:16:04,2021-04-07T08:16:04.807000Z,SEK,XSTO,XSTO,MonetaryAmount,N,12-------PH---,000104045,695.0,100,,,
441,6369,2021-04-07 09:16:04,2021-04-07T08:16:04.827000Z,SE0000310336,2021-04-07 09:16:04,2021-04-07T08:16:04.827000Z,SEK,XSTO,XSTO,MonetaryAmount,N,12-------P----,000104047,695.0,100,,,
442,6368,2021-04-07 09:16:04,2021-04-07T08:16:04.827000Z,SE0000310336,2021-04-07 09:16:04,2021-04-07T08:16:04.827000Z,SEK,XSTO,XSTO,MonetaryAmount,N,12-------P----,000104048,695.0,35,,,
443,6367,2021-04-07 09:16:09,2021-04-07T08:16:09.833000Z,SE0000310336,2021-04-07 09:16:09,2021-04-07T08:16:09.833000Z,SEK,XSTO,XSTO,MonetaryAmount,N,12-------PH---,000104406,695.0,2,,,
444,6366,2021-04-07 09:16:12,2021-04-07T08:16:12.887000Z,SE0000310336,2021-04-07 09:16:12,2021-04-07T08:16:12.887000Z,SEK,MSTO,XSTO,MonetaryAmount,N,5U-------PH---,000104620,694.9,189,,,Auction On Demand
445,6365,2021-04-07 09:16:22,2021-04-07T08:16:22.713000Z,SE0000310336,2021-04-07 09:16:22,2021-04-07T08:16:22.713000Z,SEK,XSTO,XSTO,MonetaryAmount,N,12-------PH---,000105246,695.0,63,,,
446,6364,2021-04-07 09:16:22,2021-04-07T08:16:22.713000Z,SE0000310336,2021-04-07 09:16:22,2021-04-07T08:16:22.713000Z,SEK,XSTO,XSTO,MonetaryAmount,N,12-------PH---,000105247,695.0,100,,,
447,6363,2021-04-07 09:16:22,2021-04-07T08:16:22.713000Z,SE0000310336,2021-04-07 09:16:22,2021-04-07T08:16:22.713000Z,SEK,XSTO,XSTO,MonetaryAmount,N,12-------PH---,000105248,695.0,14,,,
448,6362,2021-04-07 09:16:22,2021-04-07T08:16:22.713000Z,SE0000310336,2021-04-07 09:16:22,2021-04-07T08:16:22.713000Z,SEK,XSTO,XSTO,MonetaryAmount,N,12-------PH---,000105249,695.0,144,,,
449,6361,2021-04-07 09:16:22,2021-04-07T08:16:22.713000Z,SE0000310336,2021-04-07 09:16:22,2021-04-07T08:16:22.713000Z,SEK,XSTO,XSTO,MonetaryAmount,N,12-------PH---,000105250,695.0,37,,,
450,6360,2021-04-07 09:16:22,2021-04-07T08:16:22.713000Z,SE0000310336,2021-04-07 09:16:22,2021-04-07T08:16:22.713000Z,SEK,XSTO,XSTO,MonetaryAmount,N,12-------PH---,000105251,695.0,100,,,
451,6359,2021-04-07 09:16:22,2021-04-07T08:16:22.713000Z,SE0000310336,2021-04-07 09:16:22,2021-04-07T08:16:22.713000Z,SEK,XSTO,XSTO,MonetaryAmount,N,12-------PH---,000105252,695.0,90,,,
452,6358,2021-04-07 09:16:22,2021-04-07T08:16:22.713000Z,SE0000310336,2021-04-07 09:16:22,2021-04-07T08:16:22.713000Z,SEK,XSTO,XSTO,MonetaryAmount,N,12-------PH---,000105253,695.0,409,,,
453,6357,2021-04-07 09:16:22,2021-04-07T08:16:22.713000Z,SE0000310336,2021-04-07 09:16:22,2021-04-07T08:16:22.713000Z,SEK,XSTO,XSTO,MonetaryAmount,N,12-------PH---,000105254,695.0,58,,,
454,6356,2021-04-07 09:16:22,2021-04-07T08:16:22.713000Z,SE0000310336,2021-04-07 09:16:22,2021-04-07T08:16:22.717000Z,SEK,XSTO,XSTO,MonetaryAmount,N,12-------PH---,000105255,695.0,100,,,
455,6355,2021-04-07 09:16:22,2021-04-07T08:16:22.713000Z,SE0000310336,2021-04-07 09:16:22,2021-04-07T08:16:22.717000Z,SEK,XSTO,XSTO,MonetaryAmount,N,12-------PH---,000105256,695.0,100,,,
456,6354,2021-04-07 09:16:22,2021-04-07T08:16:22.713000Z,SE0000310336,2021-04-07 09:16:22,2021-04-07T08:16:22.717000Z,SEK,XSTO,XSTO,MonetaryAmount,N,12-------PH---,000105257,695.0,87,,,
457,6353,2021-04-07 09:16:22,2021-04-07T08:16:22.733000Z,SE0000310336,2021-04-07 09:16:22,2021-04-07T08:16:22.733000Z,SEK,XSTO,XSTO,MonetaryAmount,N,12-------PH---,000105260,695.0,38,,,
458,6352,2021-04-07 09:16:22,2021-04-07T08:16:22.733000Z,SE0000310336,2021-04-07 09:16:22,2021-04-07T08:16:22.733000Z,SEK,XSTO,XSTO,MonetaryAmount,N,12-------PH---,000105261,695.0,17,,,
459,6351,2021-04-07 09:16:22,2021-04-07T08:16:22.733000Z,SE0000310336,2021-04-07 09:16:22,2021-04-07T08:16:22.733000Z,SEK,XSTO,XSTO,MonetaryAmount,N,12-------PH---,000105262,695.2,100,,,
460,6350,2021-04-07 09:16:22,2021-04-07T08:16:22.733000Z,SE0000310336,2021-04-07 09:16:22,2021-04-07T08:16:22.733000Z,SEK,XSTO,XSTO,MonetaryAmount,N,12-------PH---,000105263,695.2,10,,,
461,6349,2021-04-07 09:16:22,2021-04-07T08:16:22.733000Z,SE0000310336,2021-04-07 09:16:22,2021-04-07T08:16:22.733000Z,SEK,XSTO,XSTO,MonetaryAmount,N,12-------PH---,000105264,695.2,90,,,
462,6348,2021-04-07 09:16:22,2021-04-07T08:16:22.733000Z,SE0000310336,2021-04-07 09:16:22,2021-04-07T08:16:22.733000Z,SEK,XSTO,XSTO,MonetaryAmount,N,12-------PH---,000105265,695.2,37,,,
463,6347,2021-04-07 09:16:22,2021-04-07T08:16:22.733000Z,SE0000310336,2021-04-07 09:16:22,2021-04-07T08:16:22.733000Z,SEK,XSTO,XSTO,MonetaryAmount,N,12-------PH---,000105266,695.2,12,,,
464,6346,2021-04-07 09:16:22,2021-04-07T08:16:22.733000Z,SE0000310336,2021-04-07 09:16:22,2021-04-07T08:16:22.733000Z,SEK,XSTO,XSTO,MonetaryAmount,N,12-------PH---,000105267,695.4,75,,,
465,6345,2021-04-07 09:16:22,2021-04-07T08:16:22.753000Z,SE0000310336,2021-04-07 09:16:22,2021-04-07T08:16:22.753000Z,SEK,XSTO,XSTO,MonetaryAmount,N,12-------PH---,000105268,695.6,1,,,
466,6344,2021-04-07 09:16:22,2021-04-07T08:16:22.753000Z,SE0000310336,2021-04-07 09:16:22,2021-04-07T08:16:22.753000Z,SEK,XSTO,XSTO,MonetaryAmount,N,12-------PH---,000105269,695.6,1,,,
467,6343,2021-04-07 09:16:22,2021-04-07T08:16:22.753000Z,SE0000310336,2021-04-07 09:16:22,2021-04-07T08:16:22.753000Z,SEK,XSTO,XSTO,MonetaryAmount,N,12-------PH---,000105270,695.6,1,,,
468,6342,2021-04-07 09:16:22,2021-04-07T08:16:22.753000Z,SE0000310336,2021-04-07 09:16:22,2021-04-07T08:16:22.753000Z,SEK,XSTO,XSTO,MonetaryAmount,N,12-------PH---,000105271,695.6,1,,,
469,6341,2021-04-07 09:16:22,2021-04-07T08:16:22.753000Z,SE0000310336,2021-04-07 09:16:22,2021-04-07T08:16:22.753000Z,SEK,XSTO,XSTO,MonetaryAmount,N,12-------PH---,000105272,695.6,73,,,
470,6340,2021-04-07 09:16:22,2021-04-07T08:16:22.753000Z,SE0000310336,2021-04-07 09:16:22,2021-04-07T08:16:22.753000Z,SEK,XSTO,XSTO,MonetaryAmount,N,12-------PH---,000105273,695.6,33,,,
471,6339,2021-04-07 09:16:22,2021-04-07T08:16:22.760000Z,SE0000310336,2021-04-07 09:16:22,2021-04-07T08:16:22.760000Z,SEK,XSTO,XSTO,MonetaryAmount,N,12-------PH---,000105274,695.4,100,,,
472,6338,2021-04-07 09:16:22,2021-04-07T08:16:22.760000Z,SE0000310336,2021-04-07 09:16:22,2021-04-07T08:16:22.760000Z,SEK,XSTO,XSTO,MonetaryAmount,N,12-------PH---,000105275,695.4,82,,,
473,6337,2021-04-07 09:16:22,2021-04-07T08:16:22.760000Z,SE0000310336,2021-04-07 09:16:22,2021-04-07T08:16:22.760000Z,SEK,XSTO,XSTO,MonetaryAmount,N,12-------PH---,000105276,695.6,11,,,
474,6336,2021-04-07 09:16:22,2021-04-07T08:16:22.760000Z,SE0000310336,2021-04-07 09:16:22,2021-04-07T08:16:22.760000Z,SEK,XSTO,XSTO,MonetaryAmount,N,12-------PH---,000105277,695.6,100,,,
475,6335,2021-04-07 09:16:22,2021-04-07T08:16:22.760000Z,SE0000310336,2021-04-07 09:16:22,2021-04-07T08:16:22.760000Z,SEK,XSTO,XSTO,MonetaryAmount,N,12-------PH---,000105278,695.6,100,,,
476,6334,2021-04-07 09:16:22,2021-04-07T08:16:22.770000Z,SE0000310336,2021-04-07 09:16:22,2021-04-07T08:16:22.770000Z,SEK,XSTO,XSTO,MonetaryAmount,N,12-------PH---,000105280,695.6,21,,,
477,6333,2021-04-07 09:16:22,2021-04-07T08:16:22.787000Z,SE0000310336,2021-04-07 09:16:22,2021-04-07T08:16:22.787000Z,SEK,XSTO,XSTO,MonetaryAmount,N,12-------P----,000105281,695.6,33,,,
478,6332,2021-04-07 09:16:22,2021-04-07T08:16:22.817000Z,SE0000310336,2021-04-07 09:16:22,2021-04-07T08:16:22.817000Z,SEK,XSTO,XSTO,MonetaryAmount,N,12-------PH---,000105287,695.6,4,,,
479,6331,2021-04-07 09:16:22,2021-04-07T08:16:22.990000Z,SE0000310336,2021-04-07 09:16:22,2021-04-07T08:16:22.990000Z,SEK,MSTO,XSTO,MonetaryAmount,N,5U-------PH---,000105289,695.7,189,,,Auction On Demand
480,6330,2021-04-07 09:16:26,2021-04-07T08:16:26.883000Z,SE0000310336,2021-04-07 09:16:26,2021-04-07T08:16:26.883000Z,SEK,XSTO,XSTO,MonetaryAmount,N,12-------PH---,000105512,695.8,100,,,
481,6329,2021-04-07 09:16:27,2021-04-07T08:16:27.617000Z,SE0000310336,2021-04-07 09:16:27,2021-04-07T08:16:27.617000Z,SEK,XSTO,XSTO,MonetaryAmount,N,12-------PH---,000105549,695.8,62,,,
482,6328,2021-04-07 09:16:27,2021-04-07T08:16:27.970000Z,SE0000310336,2021-04-07 09:16:27,2021-04-07T08:16:27.970000Z,SEK,XSTO,XSTO,MonetaryAmount,N,12-------PH---,000105560,696.0,1,,,
483,6327,2021-04-07 09:16:27,2021-04-07T08:16:27.970000Z,SE0000310336,2021-04-07 09:16:27,2021-04-07T08:16:27.970000Z,SEK,XSTO,XSTO,MonetaryAmount,N,12-------PH---,000105561,696.0,100,,,
484,6326,2021-04-07 09:16:27,2021-04-07T08:16:27.970000Z,SE0000310336,2021-04-07 09:16:27,2021-04-07T08:16:27.970000Z,SEK,XSTO,XSTO,MonetaryAmount,N,12-------P----,000105562,696.0,8,,,
485,6325,2021-04-07 09:16:27,2021-04-07T08:16:27.970000Z,SE0000310336,2021-04-07 09:16:27,2021-04-07T08:16:27.970000Z,SEK,XSTO,XSTO,MonetaryAmount,N,12-------P----,000105563,696.0,84,,,
486,6324,2021-04-07 09:16:27,2021-04-07T08:16:27.970000Z,SE0000310336,2021-04-07 09:16:27,2021-04-07T08:16:27.970000Z,SEK,XSTO,XSTO,MonetaryAmount,N,12-------PH---,000105564,696.0,16,,,
487,6323,2021-04-07 09:16:27,2021-04-07T08:16:27.970000Z,SE0000310336,2021-04-07 09:16:27,2021-04-07T08:16:27.970000Z,SEK,XSTO,XSTO,MonetaryAmount,N,12-------PH---,000105565,696.0,38,,,
488,6322,2021-04-07 09:16:27,2021-04-07T08:16:27.990000Z,SE0000310336,2021-04-07 09:16:27,2021-04-07T08:16:27.990000Z,SEK,XSTO,XSTO,MonetaryAmount,N,12-------PH---,000105566,696.0,80,,,
489,6321,2021-04-07 09:16:28,2021-04-07T08:16:28.013000Z,SE0000310336,2021-04-07 09:16:28,2021-04-07T08:16:28.013000Z,SEK,XSTO,XSTO,MonetaryAmount,N,12-------PH---,000105567,695.8,89,,,
490,6320,2021-04-07 09:16:28,2021-04-07T08:16:28.013000Z,SE0000310336,2021-04-07 09:16:28,2021-04-07T08:16:28.013000Z,SEK,XSTO,XSTO,MonetaryAmount,N,12-------PH---,000105568,695.8,90,,,
491,6319,2021-04-07 09:16:28,2021-04-07T08:16:28.017000Z,SE0000310336,2021-04-07 09:16:28,2021-04-07T08:16:28.017000Z,SEK,XSTO,XSTO,MonetaryAmount,N,12-------PH---,000105569,695.8,31,,,
492,6318,2021-04-07 09:16:28,2021-04-07T08:16:28.057000Z,SE0000310336,2021-04-07 09:16:28,2021-04-07T08:16:28.057000Z,SEK,XSTO,XSTO,MonetaryAmount,N,12-------PH---,000105570,696.0,79,,,
493,6317,2021-04-07 09:16:29,2021-04-07T08:16:29.487000Z,SE0000310336,2021-04-07 09:16:29,2021-04-07T08:16:29.487000Z,SEK,XSTO,XSTO,MonetaryAmount,N,12-------PH---,000105648,695.8,126,,,
494,6316,2021-04-07 09:16:42,2021-04-07T08:16:42.097000Z,SE0000310336,2021-04-07 09:16:42,2021-04-07T08:16:42.097000Z,SEK,XSTO,XSTO,MonetaryAmount,N,12-------PH---,000106309,696.0,1,,,
495,6315,2021-04-07 09:16:44,2021-04-07T08:16:44.193000Z,SE0000310336,2021-04-07 09:16:44,2021-04-07T08:16:44.193000Z,SEK,XSTO,XSTO,MonetaryAmount,N,12-------PH---,000106409,695.6,90,,,
496,6314,2021-04-07 09:16:44,2021-04-07T08:16:44.193000Z,SE0000310336,2021-04-07 09:16:44,2021-04-07T08:16:44.193000Z,SEK,XSTO,XSTO,MonetaryAmount,N,12-------PH---,000106410,695.6,57,,,
497,6313,2021-04-07 09:16:45,2021-04-07T08:16:45.267000Z,SE0000310336,2021-04-07 09:16:45,2021-04-07T08:16:45.267000Z,SEK,XSTO,XSTO,MonetaryAmount,N,12-------PH---,000106438,695.8,7,,,
498,6312,2021-04-07 09:16:52,2021-04-07T08:16:52.783000Z,SE0000310336,2021-04-07 09:16:52,2021-04-07T08:16:52.783000Z,SEK,XSTO,XSTO,MonetaryAmount,N,12-------PH---,000106767,695.8,28,,,
499,6311,2021-04-07 09:16:52,2021-04-07T08:16:52.783000Z,SE0000310336,2021-04-07 09:16:52,2021-04-07T08:16:52.783000Z,SEK,XSTO,XSTO,MonetaryAmount,N,12-------PH---,000106768,695.6,90,,,
500,6310,2021-04-07 09:16:53,2021-04-07T08:16:53.690000Z,SE0000310336,2021-04-07 09:16:53,2021-04-07T08:16:53.690000Z,SEK,XSTO,XSTO,MonetaryAmount,N,12-------PH---,000106803,695.4,148,,,
501,6309,2021-04-07 09:16:53,2021-04-07T08:16:53.690000Z,SE0000310336,2021-04-07 09:16:53,2021-04-07T08:16:53.690000Z,SEK,XSTO,XSTO,MonetaryAmount,N,12-------PH---,000106804,695.4,79,,,
502,6308,2021-04-07 09:16:53,2021-04-07T08:16:53.690000Z,SE0000310336,2021-04-07 09:16:53,2021-04-07T08:16:53.690000Z,SEK,XSTO,XSTO,MonetaryAmount,N,12-------PH---,000106805,695.2,90,,,
503,6307,2021-04-07 09:16:53,2021-04-07T08:16:53.690000Z,SE0000310336,2021-04-07 09:16:53,2021-04-07T08:16:53.690000Z,SEK,XSTO,XSTO,MonetaryAmount,N,12-------PH---,000106806,695.2,80,,,
504,6306,2021-04-07 09:16:56,2021-04-07T08:16:56.577000Z,SE0000310336,2021-04-07 09:16:56,2021-04-07T08:16:56.577000Z,SEK,XSTO,XSTO,MonetaryAmount,N,45-3-----PH---,F050121018,695.4,25,,,Standard Routed Trade
505,6305,2021-04-07 09:17:21,2021-04-07T08:17:21.483000Z,SE0000310336,2021-04-07 09:17:21,2021-04-07T08:17:21.483000Z,SEK,XSTO,XSTO,MonetaryAmount,N,12-------P----,000108430,695.6,107,,,
506,6304,2021-04-07 09:17:21,2021-04-07T08:17:21.483000Z,SE0000310336,2021-04-07 09:17:21,2021-04-07T08:17:21.483000Z,SEK,XSTO,XSTO,MonetaryAmount,N,12-------P----,000108431,695.6,9,,,
507,6303,2021-04-07 09:17:21,2021-04-07T08:17:21.483000Z,SE0000310336,2021-04-07 09:17:21,2021-04-07T08:17:21.483000Z,SEK,XSTO,XSTO,MonetaryAmount,N,12-------P----,000108432,695.6,38,,,
508,6302,2021-04-07 09:17:21,2021-04-07T08:17:21.483000Z,SE0000310336,2021-04-07 09:17:21,2021-04-07T08:17:21.483000Z,SEK,XSTO,XSTO,MonetaryAmount,N,12-------PH---,000108433,695.6,122,,,
509,6301,2021-04-07 09:17:21,2021-04-07T08:17:21.483000Z,SE0000310336,2021-04-07 09:17:21,2021-04-07T08:17:21.483000Z,SEK,XSTO,XSTO,MonetaryAmount,N,12-------PH---,000108434,695.8,24,,,
510,6300,2021-04-07 09:17:21,2021-04-07T08:17:21.483000Z,SE0000310336,2021-04-07 09:17:21,2021-04-07T08:17:21.483000Z,SEK,XSTO,XSTO,MonetaryAmount,N,12-------PH---,000108435,695.6,90,,,
511,6299,2021-04-07 09:17:21,2021-04-07T08:17:21.487000Z,SE0000310336,2021-04-07 09:17:21,2021-04-07T08:17:21.487000Z,SEK,XSTO,XSTO,MonetaryAmount,N,12-------PH---,000108436,695.6,90,,,
512,6298,2021-04-07 09:17:21,2021-04-07T08:17:21.487000Z,SE0000310336,2021-04-07 09:17:21,2021-04-07T08:17:21.487000Z,SEK,XSTO,XSTO,MonetaryAmount,N,12-------PH---,000108437,695.6,90,,,
513,6297,2021-04-07 09:17:34,2021-04-07T08:17:34.537000Z,SE0000310336,2021-04-07 09:17:34,2021-04-07T08:17:34.537000Z,SEK,XSTO,XSTO,MonetaryAmount,N,12-------PH---,000109175,695.2,90,,,
514,6296,2021-04-07 09:17:36,2021-04-07T08:17:36.077000Z,SE0000310336,2021-04-07 09:17:36,2021-04-07T08:17:36.077000Z,SEK,XSTO,XSTO,MonetaryAmount,N,12-------PH---,000109287,695.2,20,,,
515,6295,2021-04-07 09:17:36,2021-04-07T08:17:36.077000Z,SE0000310336,2021-04-07 09:17:36,2021-04-07T08:17:36.077000Z,SEK,XSTO,XSTO,MonetaryAmount,N,12-------PH---,000109288,695.0,146,,,
516,6294,2021-04-07 09:17:36,2021-04-07T08:17:36.077000Z,SE0000310336,2021-04-07 09:17:36,2021-04-07T08:17:36.077000Z,SEK,XSTO,XSTO,MonetaryAmount,N,12-------PH---,000109289,695.0,1,,,
517,6293,2021-04-07 09:17:36,2021-04-07T08:17:36.077000Z,SE0000310336,2021-04-07 09:17:36,2021-04-07T08:17:36.077000Z,SEK,XSTO,XSTO,MonetaryAmount,N,12-------PH---,000109290,695.0,29,,,
518,6292,2021-04-07 09:17:36,2021-04-07T08:17:36.083000Z,SE0000310336,2021-04-07 09:17:36,2021-04-07T08:17:36.083000Z,SEK,XSTO,XSTO,MonetaryAmount,N,12-------PH---,000109291,695.0,70,,,
519,6291,2021-04-07 09:17:36,2021-04-07T08:17:36.083000Z,SE0000310336,2021-04-07 09:17:36,2021-04-07T08:17:36.083000Z,SEK,XSTO,XSTO,MonetaryAmount,N,12-------PH---,000109292,695.0,20,,,
520,6290,2021-04-07 09:17:36,2021-04-07T08:17:36.160000Z,SE0000310336,2021-04-07 09:17:36,2021-04-07T08:17:36.160000Z,SEK,XSTO,XSTO,MonetaryAmount,N,12-------PH---,000109303,695.2,97,,,
521,6289,2021-04-07 09:17:36,2021-04-07T08:17:36.187000Z,SE0000310336,2021-04-07 09:17:36,2021-04-07T08:17:36.187000Z,SEK,XSTO,XSTO,MonetaryAmount,N,12-------PH---,000109307,695.2,22,,,
522,6288,2021-04-07 09:17:36,2021-04-07T08:17:36.190000Z,SE0000310336,2021-04-07 09:17:36,2021-04-07T08:17:36.190000Z,SEK,XSTO,XSTO,MonetaryAmount,N,12-------PH---,000109308,695.2,38,,,
523,6287,2021-04-07 09:17:53,2021-04-07T08:17:53.140000Z,SE0000310336,2021-04-07 09:17:53,2021-04-07T08:17:53.140000Z,SEK,XSTO,XSTO,MonetaryAmount,N,12-------PH---,000110392,695.0,66,,,
524,6286,2021-04-07 09:18:05,2021-04-07T08:18:05.153000Z,SE0000310336,2021-04-07 09:18:05,2021-04-07T08:18:05.153000Z,SEK,XSTO,XSTO,MonetaryAmount,N,12-------PH---,000111044,695.2,2,,,
525,6285,2021-04-07 09:18:07,2021-04-07T08:18:07.930000Z,SE0000310336,2021-04-07 09:18:07,2021-04-07T08:18:07.930000Z,SEK,XSTO,XSTO,MonetaryAmount,N,12-------PH---,000111144,695.0,7,,,
526,6284,2021-04-07 09:18:14,2021-04-07T08:18:14.203000Z,SE0000310336,2021-04-07 09:18:14,2021-04-07T08:18:14.203000Z,SEK,XSTO,XSTO,MonetaryAmount,N,12-------PH---,000111450,695.2,1,,,
527,6283,2021-04-07 09:18:19,2021-04-07T08:18:19.227000Z,SE0000310336,2021-04-07 09:18:19,2021-04-07T08:18:19.227000Z,SEK,XSTO,XSTO,MonetaryAmount,N,12-------PH---,000111641,695.2,87,,,
528,6282,2021-04-07 09:18:19,2021-04-07T08:18:19.227000Z,SE0000310336,2021-04-07 09:18:19,2021-04-07T08:18:19.227000Z,SEK,XSTO,XSTO,MonetaryAmount,N,12-------PH---,000111642,695.2,53,,,
529,6281,2021-04-07 09:18:19,2021-04-07T08:18:19.227000Z,SE0000310336,2021-04-07 09:18:19,2021-04-07T08:18:19.227000Z,SEK,XSTO,XSTO,MonetaryAmount,N,12-------PH---,000111643,695.2,47,,,
530,6280,2021-04-07 09:18:19,2021-04-07T08:18:19.227000Z,SE0000310336,2021-04-07 09:18:19,2021-04-07T08:18:19.227000Z,SEK,XSTO,XSTO,MonetaryAmount,N,12-------PH---,000111644,695.2,39,,,
531,6279,2021-04-07 09:18:19,2021-04-07T08:18:19.227000Z,SE0000310336,2021-04-07 09:18:19,2021-04-07T08:18:19.227000Z,SEK,XSTO,XSTO,MonetaryAmount,N,12-------PH---,000111645,695.2,69,,,
