,index,ExecutionTime,ExecutionTimeUTC,ISIN,PublicationTime,PublicationTimeUTC,CCY,Venueofexecution(MICCode),Venueofpublication(MICCode),Pricenotation,Transactiontobecleared,MMTFlags,TransactionIDCode,Price,Volume,Buyer,Seller,Tradetype
0,6720,2021-04-09 09:00:01,2021-04-09T08:00:01.003000Z,SE0000310336,2021-04-09 09:00:01,2021-04-09T08:00:01.003000Z,SEK,XSTO,XSTO,MonetaryAmount,N,1O-------PH---,000004584,712.8,32,,,
1,6719,2021-04-09 09:00:01,2021-04-09T08:00:01.003000Z,SE0000310336,2021-04-09 09:00:01,2021-04-09T08:00:01.003000Z,SEK,XSTO,XSTO,MonetaryAmount,N,1O-------PH---,000004585,712.8,16,,,
2,6718,2021-04-09 09:00:01,2021-04-09T08:00:01.003000Z,SE0000310336,2021-04-09 09:00:01,2021-04-09T08:00:01.003000Z,SEK,XSTO,XSTO,MonetaryAmount,N,1O-------PH---,000004586,712.8,45,,,
3,6717,2021-04-09 09:00:01,2021-04-09T08:00:01.003000Z,SE0000310336,2021-04-09 09:00:01,2021-04-09T08:00:01.003000Z,SEK,XSTO,XSTO,MonetaryAmount,N,1O-------PH---,000004587,712.8,79,,,
4,6716,2021-04-09 09:00:01,2021-04-09T08:00:01.003000Z,SE0000310336,2021-04-09 09:00:01,2021-04-09T08:00:01.003000Z,SEK,XSTO,XSTO,MonetaryAmount,N,1O-------PH---,000004588,712.8,16,,,
5,6715,2021-04-09 09:00:01,2021-04-09T08:00:01.003000Z,SE0000310336,2021-04-09 09:00:01,2021-04-09T08:00:01.007000Z,SEK,XSTO,XSTO,MonetaryAmount,N,1O-------PH---,000004589,712.8,1,,,
6,6714,2021-04-09 09:00:01,2021-04-09T08:00:01.003000Z,SE0000310336,2021-04-09 09:00:01,2021-04-09T08:00:01.007000Z,SEK,XSTO,XSTO,MonetaryAmount,N,1O-------PH---,000004590,712.8,1,,,
7,6713,2021-04-09 09:00:01,2021-04-09T08:00:01.003000Z,SE0000310336,2021-04-09 09:00:01,2021-04-09T08:00:01.007000Z,SEK,XSTO,XSTO,MonetaryAmount,N,1O-------PH---,000004591,712.8,18,,,
8,6712,2021-04-09 09:00:01,2021-04-09T08:00:01.003000Z,SE0000310336,2021-04-09 09:00:01,2021-04-09T08:00:01.007000Z,SEK,XSTO,XSTO,MonetaryAmount,N,1O-------PH---,000004592,712.8,30,,,
9,6711,2021-04-09 09:00:01,2021-04-09T08:00:01.003000Z,SE0000310336,2021-04-09 09:00:01,2021-04-09T08:00:01.007000Z,SEK,XSTO,XSTO,MonetaryAmount,N,1O-------PH---,000004593,712.8,2,,,
10,6710,2021-04-09 09:00:01,2021-04-09T08:00:01.003000Z,SE0000310336,2021-04-09 09:00:01,2021-04-09T08:00:01.007000Z,SEK,XSTO,XSTO,MonetaryAmount,N,1O-------PH---,000004594,712.8,2,,,
11,6709,2021-04-09 09:00:01,2021-04-09T08:00:01.003000Z,SE0000310336,2021-04-09 09:00:01,2021-04-09T08:00:01.007000Z,SEK,XSTO,XSTO,MonetaryAmount,N,1O-------PH---,000004595,712.8,1,,,
12,6708,2021-04-09 09:00:01,2021-04-09T08:00:01.003000Z,SE0000310336,2021-04-09 09:00:01,2021-04-09T08:00:01.007000Z,SEK,XSTO,XSTO,MonetaryAmount,N,1O-------PH---,000004596,712.8,3,,,
13,6707,2021-04-09 09:00:01,2021-04-09T08:00:01.003000Z,SE0000310336,2021-04-09 09:00:01,2021-04-09T08:00:01.007000Z,SEK,XSTO,XSTO,MonetaryAmount,N,1O-------PH---,000004597,712.8,6,,,
14,6706,2021-04-09 09:00:01,2021-04-09T08:00:01.003000Z,SE0000310336,2021-04-09 09:00:01,2021-04-09T08:00:01.007000Z,SEK,XSTO,XSTO,MonetaryAmount,N,1O-------PH---,000004598,712.8,9,,,
15,6705,2021-04-09 09:00:01,2021-04-09T08:00:01.003000Z,SE0000310336,2021-04-09 09:00:01,2021-04-09T08:00:01.007000Z,SEK,XSTO,XSTO,MonetaryAmount,N,1O-------PH---,000004599,712.8,10,,,
16,6704,2021-04-09 09:00:01,2021-04-09T08:00:01.003000Z,SE0000310336,2021-04-09 09:00:01,2021-04-09T08:00:01.007000Z,SEK,XSTO,XSTO,MonetaryAmount,N,1O-------PH---,000004600,712.8,8,,,
17,6703,2021-04-09 09:00:01,2021-04-09T08:00:01.003000Z,SE0000310336,2021-04-09 09:00:01,2021-04-09T08:00:01.007000Z,SEK,XSTO,XSTO,MonetaryAmount,N,1O-------PH---,000004601,712.8,1,,,
18,6702,2021-04-09 09:00:01,2021-04-09T08:00:01.003000Z,SE0000310336,2021-04-09 09:00:01,2021-04-09T08:00:01.007000Z,SEK,XSTO,XSTO,MonetaryAmount,N,1O-------PH---,000004602,712.8,9,,,
19,6701,2021-04-09 09:00:01,2021-04-09T08:00:01.003000Z,SE0000310336,2021-04-09 09:00:01,2021-04-09T08:00:01.007000Z,SEK,XSTO,XSTO,MonetaryAmount,N,1O-------PH---,000004603,712.8,12,,,
20,6700,2021-04-09 09:00:01,2021-04-09T08:00:01.003000Z,SE0000310336,2021-04-09 09:00:01,2021-04-09T08:00:01.007000Z,SEK,XSTO,XSTO,MonetaryAmount,N,1O-------PH---,000004604,712.8,3,,,
21,6699,2021-04-09 09:00:01,2021-04-09T08:00:01.003000Z,SE0000310336,2021-04-09 09:00:01,2021-04-09T08:00:01.007000Z,SEK,XSTO,XSTO,MonetaryAmount,N,1O-------PH---,000004605,712.8,52,,,
22,6698,2021-04-09 09:00:01,2021-04-09T08:00:01.003000Z,SE0000310336,2021-04-09 09:00:01,2021-04-09T08:00:01.007000Z,SEK,XSTO,XSTO,MonetaryAmount,N,1O-------PH---,000004606,712.8,7,,,
23,6697,2021-04-09 09:00:01,2021-04-09T08:00:01.003000Z,SE0000310336,2021-04-09 09:00:01,2021-04-09T08:00:01.007000Z,SEK,XSTO,XSTO,MonetaryAmount,N,1O-------PH---,000004607,712.8,35,,,
24,6696,2021-04-09 09:00:01,2021-04-09T08:00:01.003000Z,SE0000310336,2021-04-09 09:00:01,2021-04-09T08:00:01.007000Z,SEK,XSTO,XSTO,MonetaryAmount,N,1O-------PH---,000004608,712.8,450,,,
25,6695,2021-04-09 09:00:01,2021-04-09T08:00:01.003000Z,SE0000310336,2021-04-09 09:00:01,2021-04-09T08:00:01.007000Z,SEK,XSTO,XSTO,MonetaryAmount,N,1O-------PH---,000004609,712.8,19,,,
26,6694,2021-04-09 09:00:01,2021-04-09T08:00:01.003000Z,SE0000310336,2021-04-09 09:00:01,2021-04-09T08:00:01.007000Z,SEK,XSTO,XSTO,MonetaryAmount,N,1O-------PH---,000004610,712.8,104,,,
27,6693,2021-04-09 09:00:01,2021-04-09T08:00:01.003000Z,SE0000310336,2021-04-09 09:00:01,2021-04-09T08:00:01.007000Z,SEK,XSTO,XSTO,MonetaryAmount,N,1O-------PH---,000004611,712.8,108,,,
28,6692,2021-04-09 09:00:01,2021-04-09T08:00:01.003000Z,SE0000310336,2021-04-09 09:00:01,2021-04-09T08:00:01.007000Z,SEK,XSTO,XSTO,MonetaryAmount,N,1O-------PH---,000004612,712.8,39,,,
29,6691,2021-04-09 09:00:01,2021-04-09T08:00:01.003000Z,SE0000310336,2021-04-09 09:00:01,2021-04-09T08:00:01.007000Z,SEK,XSTO,XSTO,MonetaryAmount,N,1O-------PH---,000004613,712.8,5,,,
30,6690,2021-04-09 09:00:01,2021-04-09T08:00:01.003000Z,SE0000310336,2021-04-09 09:00:01,2021-04-09T08:00:01.007000Z,SEK,XSTO,XSTO,MonetaryAmount,N,1O-------PH---,000004614,712.8,1,,,
31,6689,2021-04-09 09:00:01,2021-04-09T08:00:01.003000Z,SE0000310336,2021-04-09 09:00:01,2021-04-09T08:00:01.007000Z,SEK,XSTO,XSTO,MonetaryAmount,N,1O-------PH---,000004615,712.8,2,,,
32,6688,2021-04-09 09:00:01,2021-04-09T08:00:01.003000Z,SE0000310336,2021-04-09 09:00:01,2021-04-09T08:00:01.007000Z,SEK,XSTO,XSTO,MonetaryAmount,N,1O-------PH---,000004616,712.8,2,,,
33,6687,2021-04-09 09:00:01,2021-04-09T08:00:01.003000Z,SE0000310336,2021-04-09 09:00:01,2021-04-09T08:00:01.007000Z,SEK,XSTO,XSTO,MonetaryAmount,N,1O-------PH---,000004617,712.8,65,,,
34,6686,2021-04-09 09:00:01,2021-04-09T08:00:01.003000Z,SE0000310336,2021-04-09 09:00:01,2021-04-09T08:00:01.007000Z,SEK,XSTO,XSTO,MonetaryAmount,N,1O-------PH---,000004618,712.8,203,,,
35,6685,2021-04-09 09:00:01,2021-04-09T08:00:01.003000Z,SE0000310336,2021-04-09 09:00:01,2021-04-09T08:00:01.007000Z,SEK,XSTO,XSTO,MonetaryAmount,N,1O-------PH---,000004619,712.8,5,,,
36,6684,2021-04-09 09:00:01,2021-04-09T08:00:01.003000Z,SE0000310336,2021-04-09 09:00:01,2021-04-09T08:00:01.007000Z,SEK,XSTO,XSTO,MonetaryAmount,N,1O-------PH---,000004620,712.8,46,,,
37,6683,2021-04-09 09:00:01,2021-04-09T08:00:01.003000Z,SE0000310336,2021-04-09 09:00:01,2021-04-09T08:00:01.007000Z,SEK,XSTO,XSTO,MonetaryAmount,N,1O-------PH---,000004621,712.8,33,,,
38,6682,2021-04-09 09:00:01,2021-04-09T08:00:01.003000Z,SE0000310336,2021-04-09 09:00:01,2021-04-09T08:00:01.007000Z,SEK,XSTO,XSTO,MonetaryAmount,N,1O-------PH---,000004622,712.8,33,,,
39,6681,2021-04-09 09:00:01,2021-04-09T08:00:01.003000Z,SE0000310336,2021-04-09 09:00:01,2021-04-09T08:00:01.007000Z,SEK,XSTO,XSTO,MonetaryAmount,N,1O-------PH---,000004623,712.8,33,,,
40,6680,2021-04-09 09:00:01,2021-04-09T08:00:01.003000Z,SE0000310336,2021-04-09 09:00:01,2021-04-09T08:00:01.007000Z,SEK,XSTO,XSTO,MonetaryAmount,N,1O-------PH---,000004624,712.8,73,,,
41,6679,2021-04-09 09:00:01,2021-04-09T08:00:01.003000Z,SE0000310336,2021-04-09 09:00:01,2021-04-09T08:00:01.007000Z,SEK,XSTO,XSTO,MonetaryAmount,N,1O-------PH---,000004625,712.8,4,,,
42,6678,2021-04-09 09:00:01,2021-04-09T08:00:01.003000Z,SE0000310336,2021-04-09 09:00:01,2021-04-09T08:00:01.007000Z,SEK,XSTO,XSTO,MonetaryAmount,N,1O-------PH---,000004626,712.8,62,,,
43,6677,2021-04-09 09:00:01,2021-04-09T08:00:01.003000Z,SE0000310336,2021-04-09 09:00:01,2021-04-09T08:00:01.007000Z,SEK,XSTO,XSTO,MonetaryAmount,N,1O-------PH---,000004627,712.8,32,,,
44,6676,2021-04-09 09:00:01,2021-04-09T08:00:01.003000Z,SE0000310336,2021-04-09 09:00:01,2021-04-09T08:00:01.007000Z,SEK,XSTO,XSTO,MonetaryAmount,N,1O-------PH---,000004628,712.8,42,,,
45,6675,2021-04-09 09:00:01,2021-04-09T08:00:01.003000Z,SE0000310336,2021-04-09 09:00:01,2021-04-09T08:00:01.007000Z,SEK,XSTO,XSTO,MonetaryAmount,N,1O-------PH---,000004629,712.8,83,,,
46,6674,2021-04-09 09:00:01,2021-04-09T08:00:01.003000Z,SE0000310336,2021-04-09 09:00:01,2021-04-09T08:00:01.007000Z,SEK,XSTO,XSTO,MonetaryAmount,N,1O-------PH---,000004630,712.8,85,,,
47,6673,2021-04-09 09:00:01,2021-04-09T08:00:01.003000Z,SE0000310336,2021-04-09 09:00:01,2021-04-09T08:00:01.007000Z,SEK,XSTO,XSTO,MonetaryAmount,N,1O-------PH---,000004631,712.8,10,,,
48,6672,2021-04-09 09:00:01,2021-04-09T08:00:01.003000Z,SE0000310336,2021-04-09 09:00:01,2021-04-09T08:00:01.007000Z,SEK,XSTO,XSTO,MonetaryAmount,N,1O-------PH---,000004632,712.8,38,,,
49,6671,2021-04-09 09:00:01,2021-04-09T08:00:01.003000Z,SE0000310336,2021-04-09 09:00:01,2021-04-09T08:00:01.007000Z,SEK,XSTO,XSTO,MonetaryAmount,N,1O-------PH---,000004633,712.8,641,,,
50,6670,2021-04-09 09:00:01,2021-04-09T08:00:01.003000Z,SE0000310336,2021-04-09 09:00:01,2021-04-09T08:00:01.007000Z,SEK,XSTO,XSTO,MonetaryAmount,N,1O-------PH---,000004634,712.8,1,,,
51,6669,2021-04-09 09:00:01,2021-04-09T08:00:01.003000Z,SE0000310336,2021-04-09 09:00:01,2021-04-09T08:00:01.007000Z,SEK,XSTO,XSTO,MonetaryAmount,N,1O-------PH---,000004635,712.8,168,,,
52,6668,2021-04-09 09:00:01,2021-04-09T08:00:01.003000Z,SE0000310336,2021-04-09 09:00:01,2021-04-09T08:00:01.007000Z,SEK,XSTO,XSTO,MonetaryAmount,N,1O-------PH---,000004636,712.8,174,,,
53,6667,2021-04-09 09:00:01,2021-04-09T08:00:01.003000Z,SE0000310336,2021-04-09 09:00:01,2021-04-09T08:00:01.007000Z,SEK,XSTO,XSTO,MonetaryAmount,N,1O-------PH---,000004637,712.8,10,,,
54,6666,2021-04-09 09:00:01,2021-04-09T08:00:01.003000Z,SE0000310336,2021-04-09 09:00:01,2021-04-09T08:00:01.007000Z,SEK,XSTO,XSTO,MonetaryAmount,N,1O-------PH---,000004638,712.8,5,,,
55,6665,2021-04-09 09:00:01,2021-04-09T08:00:01.003000Z,SE0000310336,2021-04-09 09:00:01,2021-04-09T08:00:01.007000Z,SEK,XSTO,XSTO,MonetaryAmount,N,1O-------PH---,000004639,712.8,2,,,
56,6664,2021-04-09 09:00:01,2021-04-09T08:00:01.003000Z,SE0000310336,2021-04-09 09:00:01,2021-04-09T08:00:01.007000Z,SEK,XSTO,XSTO,MonetaryAmount,N,1O-------PH---,000004640,712.8,42,,,
57,6663,2021-04-09 09:00:01,2021-04-09T08:00:01.003000Z,SE0000310336,2021-04-09 09:00:01,2021-04-09T08:00:01.007000Z,SEK,XSTO,XSTO,MonetaryAmount,N,1O-------PH---,000004641,712.8,2,,,
58,6662,2021-04-09 09:00:01,2021-04-09T08:00:01.003000Z,SE0000310336,2021-04-09 09:00:01,2021-04-09T08:00:01.007000Z,SEK,XSTO,XSTO,MonetaryAmount,N,1O-------PH---,000004642,712.8,12,,,
59,6661,2021-04-09 09:00:01,2021-04-09T08:00:01.003000Z,SE0000310336,2021-04-09 09:00:01,2021-04-09T08:00:01.007000Z,SEK,XSTO,XSTO,MonetaryAmount,N,1O-------PH---,000004643,712.8,2,,,
60,6660,2021-04-09 09:00:01,2021-04-09T08:00:01.003000Z,SE0000310336,2021-04-09 09:00:01,2021-04-09T08:00:01.007000Z,SEK,XSTO,XSTO,MonetaryAmount,N,1O-------PH---,000004644,712.8,40,,,
61,6659,2021-04-09 09:00:01,2021-04-09T08:00:01.003000Z,SE0000310336,2021-04-09 09:00:01,2021-04-09T08:00:01.007000Z,SEK,XSTO,XSTO,MonetaryAmount,N,1O-------PH---,000004645,712.8,7,,,
62,6658,2021-04-09 09:00:01,2021-04-09T08:00:01.003000Z,SE0000310336,2021-04-09 09:00:01,2021-04-09T08:00:01.007000Z,SEK,XSTO,XSTO,MonetaryAmount,N,1O-------PH---,000004646,712.8,21,,,
63,6657,2021-04-09 09:00:01,2021-04-09T08:00:01.003000Z,SE0000310336,2021-04-09 09:00:01,2021-04-09T08:00:01.007000Z,SEK,XSTO,XSTO,MonetaryAmount,N,1O-------PH---,000004647,712.8,5,,,
64,6656,2021-04-09 09:00:01,2021-04-09T08:00:01.003000Z,SE0000310336,2021-04-09 09:00:01,2021-04-09T08:00:01.007000Z,SEK,XSTO,XSTO,MonetaryAmount,N,1O-------PH---,000004648,712.8,6,,,
65,6655,2021-04-09 09:00:01,2021-04-09T08:00:01.003000Z,SE0000310336,2021-04-09 09:00:01,2021-04-09T08:00:01.007000Z,SEK,XSTO,XSTO,MonetaryAmount,N,1O-------PH---,000004649,712.8,1,,,
66,6654,2021-04-09 09:00:01,2021-04-09T08:00:01.003000Z,SE0000310336,2021-04-09 09:00:01,2021-04-09T08:00:01.007000Z,SEK,XSTO,XSTO,MonetaryAmount,N,1O-------PH---,000004650,712.8,1,,,
67,6653,2021-04-09 09:00:01,2021-04-09T08:00:01.003000Z,SE0000310336,2021-04-09 09:00:01,2021-04-09T08:00:01.007000Z,SEK,XSTO,XSTO,MonetaryAmount,N,1O-------PH---,000004651,712.8,4,,,
68,6652,2021-04-09 09:00:01,2021-04-09T08:00:01.003000Z,SE0000310336,2021-04-09 09:00:01,2021-04-09T08:00:01.007000Z,SEK,XSTO,XSTO,MonetaryAmount,N,1O-------PH---,000004652,712.8,6,,,
69,6651,2021-04-09 09:00:01,2021-04-09T08:00:01.003000Z,SE0000310336,2021-04-09 09:00:01,2021-04-09T08:00:01.007000Z,SEK,XSTO,XSTO,MonetaryAmount,N,1O-------PH---,000004653,712.8,2,,,
70,6650,2021-04-09 09:00:01,2021-04-09T08:00:01.003000Z,SE0000310336,2021-04-09 09:00:01,2021-04-09T08:00:01.007000Z,SEK,XSTO,XSTO,MonetaryAmount,N,1O-------PH---,000004654,712.8,3,,,
71,6649,2021-04-09 09:00:01,2021-04-09T08:00:01.003000Z,SE0000310336,2021-04-09 09:00:01,2021-04-09T08:00:01.007000Z,SEK,XSTO,XSTO,MonetaryAmount,N,1O-------PH---,000004655,712.8,1,,,
72,6648,2021-04-09 09:00:01,2021-04-09T08:00:01.003000Z,SE0000310336,2021-04-09 09:00:01,2021-04-09T08:00:01.007000Z,SEK,XSTO,XSTO,MonetaryAmount,N,1O-------PH---,000004656,712.8,1,,,
73,6647,2021-04-09 09:00:01,2021-04-09T08:00:01.003000Z,SE0000310336,2021-04-09 09:00:01,2021-04-09T08:00:01.007000Z,SEK,XSTO,XSTO,MonetaryAmount,N,1O-------PH---,000004657,712.8,2,,,
74,6646,2021-04-09 09:00:01,2021-04-09T08:00:01.003000Z,SE0000310336,2021-04-09 09:00:01,2021-04-09T08:00:01.007000Z,SEK,XSTO,XSTO,MonetaryAmount,N,1O-------PH---,000004658,712.8,1,,,
75,6645,2021-04-09 09:00:01,2021-04-09T08:00:01.003000Z,SE0000310336,2021-04-09 09:00:01,2021-04-09T08:00:01.007000Z,SEK,XSTO,XSTO,MonetaryAmount,N,1O-------PH---,000004659,712.8,69,,,
76,6644,2021-04-09 09:00:01,2021-04-09T08:00:01.003000Z,SE0000310336,2021-04-09 09:00:01,2021-04-09T08:00:01.007000Z,SEK,XSTO,XSTO,MonetaryAmount,N,1O-------PH---,000004660,712.8,1,,,
77,6643,2021-04-09 09:00:01,2021-04-09T08:00:01.003000Z,SE0000310336,2021-04-09 09:00:01,2021-04-09T08:00:01.007000Z,SEK,XSTO,XSTO,MonetaryAmount,N,1O-------PH---,000004661,712.8,15,,,
78,6642,2021-04-09 09:00:01,2021-04-09T08:00:01.003000Z,SE0000310336,2021-04-09 09:00:01,2021-04-09T08:00:01.007000Z,SEK,XSTO,XSTO,MonetaryAmount,N,1O-------PH---,000004662,712.8,4,,,
79,6641,2021-04-09 09:00:01,2021-04-09T08:00:01.003000Z,SE0000310336,2021-04-09 09:00:01,2021-04-09T08:00:01.007000Z,SEK,XSTO,XSTO,MonetaryAmount,N,1O-------PH---,000004663,712.8,1,,,
80,6640,2021-04-09 09:00:01,2021-04-09T08:00:01.003000Z,SE0000310336,2021-04-09 09:00:01,2021-04-09T08:00:01.007000Z,SEK,XSTO,XSTO,MonetaryAmount,N,1O-------PH---,000004664,712.8,15,,,
81,6639,2021-04-09 09:00:01,2021-04-09T08:00:01.003000Z,SE0000310336,2021-04-09 09:00:01,2021-04-09T08:00:01.007000Z,SEK,XSTO,XSTO,MonetaryAmount,N,1O-------PH---,000004665,712.8,1,,,
82,6638,2021-04-09 09:00:01,2021-04-09T08:00:01.003000Z,SE0000310336,2021-04-09 09:00:01,2021-04-09T08:00:01.007000Z,SEK,XSTO,XSTO,MonetaryAmount,N,1O-------PH---,000004666,712.8,6,,,
83,6637,2021-04-09 09:00:01,2021-04-09T08:00:01.003000Z,SE0000310336,2021-04-09 09:00:01,2021-04-09T08:00:01.007000Z,SEK,XSTO,XSTO,MonetaryAmount,N,1O-------PH---,000004667,712.8,2,,,
84,6636,2021-04-09 09:00:01,2021-04-09T08:00:01.003000Z,SE0000310336,2021-04-09 09:00:01,2021-04-09T08:00:01.007000Z,SEK,XSTO,XSTO,MonetaryAmount,N,1O-------PH---,000004668,712.8,1,,,
85,6635,2021-04-09 09:00:01,2021-04-09T08:00:01.003000Z,SE0000310336,2021-04-09 09:00:01,2021-04-09T08:00:01.007000Z,SEK,XSTO,XSTO,MonetaryAmount,N,1O-------PH---,000004669,712.8,5,,,
86,6634,2021-04-09 09:00:01,2021-04-09T08:00:01.003000Z,SE0000310336,2021-04-09 09:00:01,2021-04-09T08:00:01.007000Z,SEK,XSTO,XSTO,MonetaryAmount,N,1O-------PH---,000004670,712.8,1,,,
87,6633,2021-04-09 09:00:01,2021-04-09T08:00:01.003000Z,SE0000310336,2021-04-09 09:00:01,2021-04-09T08:00:01.007000Z,SEK,XSTO,XSTO,MonetaryAmount,N,1O-------PH---,000004671,712.8,1,,,
88,6632,2021-04-09 09:00:01,2021-04-09T08:00:01.003000Z,SE0000310336,2021-04-09 09:00:01,2021-04-09T08:00:01.007000Z,SEK,XSTO,XSTO,MonetaryAmount,N,1O-------PH---,000004672,712.8,2,,,
89,6631,2021-04-09 09:00:01,2021-04-09T08:00:01.003000Z,SE0000310336,2021-04-09 09:00:01,2021-04-09T08:00:01.007000Z,SEK,XSTO,XSTO,MonetaryAmount,N,1O-------PH---,000004673,712.8,1,,,
90,6630,2021-04-09 09:00:01,2021-04-09T08:00:01.003000Z,SE0000310336,2021-04-09 09:00:01,2021-04-09T08:00:01.007000Z,SEK,XSTO,XSTO,MonetaryAmount,N,1O-------PH---,000004674,712.8,2,,,
91,6629,2021-04-09 09:00:01,2021-04-09T08:00:01.003000Z,SE0000310336,2021-04-09 09:00:01,2021-04-09T08:00:01.007000Z,SEK,XSTO,XSTO,MonetaryAmount,N,1O-------PH---,000004675,712.8,1,,,
92,6628,2021-04-09 09:00:01,2021-04-09T08:00:01.003000Z,SE0000310336,2021-04-09 09:00:01,2021-04-09T08:00:01.007000Z,SEK,XSTO,XSTO,MonetaryAmount,N,1O-------PH---,000004676,712.8,1,,,
93,6627,2021-04-09 09:00:01,2021-04-09T08:00:01.003000Z,SE0000310336,2021-04-09 09:00:01,2021-04-09T08:00:01.007000Z,SEK,XSTO,XSTO,MonetaryAmount,N,1O-------PH---,000004677,712.8,2,,,
94,6626,2021-04-09 09:00:01,2021-04-09T08:00:01.003000Z,SE0000310336,2021-04-09 09:00:01,2021-04-09T08:00:01.007000Z,SEK,XSTO,XSTO,MonetaryAmount,N,1O-------PH---,000004678,712.8,1,,,
95,6625,2021-04-09 09:00:01,2021-04-09T08:00:01.003000Z,SE0000310336,2021-04-09 09:00:01,2021-04-09T08:00:01.007000Z,SEK,XSTO,XSTO,MonetaryAmount,N,1O-------PH---,000004679,712.8,8,,,
96,6624,2021-04-09 09:00:01,2021-04-09T08:00:01.003000Z,SE0000310336,2021-04-09 09:00:01,2021-04-09T08:00:01.007000Z,SEK,XSTO,XSTO,MonetaryAmount,N,1O-------PH---,000004680,712.8,1,,,
97,6623,2021-04-09 09:00:01,2021-04-09T08:00:01.003000Z,SE0000310336,2021-04-09 09:00:01,2021-04-09T08:00:01.007000Z,SEK,XSTO,XSTO,MonetaryAmount,N,1O-------PH---,000004681,712.8,7,,,
98,6622,2021-04-09 09:00:01,2021-04-09T08:00:01.003000Z,SE0000310336,2021-04-09 09:00:01,2021-04-09T08:00:01.007000Z,SEK,XSTO,XSTO,MonetaryAmount,N,1O-------PH---,000004682,712.8,1,,,
99,6621,2021-04-09 09:00:01,2021-04-09T08:00:01.003000Z,SE0000310336,2021-04-09 09:00:01,2021-04-09T08:00:01.007000Z,SEK,XSTO,XSTO,MonetaryAmount,N,1O-------PH---,000004683,712.8,2,,,
100,6620,2021-04-09 09:00:01,2021-04-09T08:00:01.003000Z,SE0000310336,2021-04-09 09:00:01,2021-04-09T08:00:01.007000Z,SEK,XSTO,XSTO,MonetaryAmount,N,1O-------PH---,000004684,712.8,10,,,
101,6619,2021-04-09 09:00:01,2021-04-09T08:00:01.003000Z,SE0000310336,2021-04-09 09:00:01,2021-04-09T08:00:01.007000Z,SEK,XSTO,XSTO,MonetaryAmount,N,1O-------PH---,000004685,712.8,1,,,
102,6618,2021-04-09 09:00:01,2021-04-09T08:00:01.003000Z,SE0000310336,2021-04-09 09:00:01,2021-04-09T08:00:01.007000Z,SEK,XSTO,XSTO,MonetaryAmount,N,1O-------PH---,000004686,712.8,1,,,
103,6617,2021-04-09 09:00:01,2021-04-09T08:00:01.003000Z,SE0000310336,2021-04-09 09:00:01,2021-04-09T08:00:01.007000Z,SEK,XSTO,XSTO,MonetaryAmount,N,1O-------PH---,000004687,712.8,10,,,
104,6616,2021-04-09 09:00:01,2021-04-09T08:00:01.003000Z,SE0000310336,2021-04-09 09:00:01,2021-04-09T08:00:01.007000Z,SEK,XSTO,XSTO,MonetaryAmount,N,1O-------PH---,000004688,712.8,2,,,
105,6615,2021-04-09 09:00:01,2021-04-09T08:00:01.003000Z,SE0000310336,2021-04-09 09:00:01,2021-04-09T08:00:01.007000Z,SEK,XSTO,XSTO,MonetaryAmount,N,1O-------PH---,000004689,712.8,1,,,
106,6614,2021-04-09 09:00:01,2021-04-09T08:00:01.003000Z,SE0000310336,2021-04-09 09:00:01,2021-04-09T08:00:01.007000Z,SEK,XSTO,XSTO,MonetaryAmount,N,1O-------PH---,000004690,712.8,1,,,
107,6613,2021-04-09 09:00:01,2021-04-09T08:00:01.003000Z,SE0000310336,2021-04-09 09:00:01,2021-04-09T08:00:01.007000Z,SEK,XSTO,XSTO,MonetaryAmount,N,1O-------PH---,000004691,712.8,62,,,
108,6612,2021-04-09 09:00:01,2021-04-09T08:00:01.003000Z,SE0000310336,2021-04-09 09:00:01,2021-04-09T08:00:01.007000Z,SEK,XSTO,XSTO,MonetaryAmount,N,1O-------PH---,000004692,712.8,2,,,
109,6611,2021-04-09 09:00:01,2021-04-09T08:00:01.003000Z,SE0000310336,2021-04-09 09:00:01,2021-04-09T08:00:01.007000Z,SEK,XSTO,XSTO,MonetaryAmount,N,1O-------PH---,000004693,712.8,4,,,
110,6610,2021-04-09 09:00:01,2021-04-09T08:00:01.003000Z,SE0000310336,2021-04-09 09:00:01,2021-04-09T08:00:01.007000Z,SEK,XSTO,XSTO,MonetaryAmount,N,1O-------PH---,000004694,712.8,1,,,
111,6609,2021-04-09 09:00:01,2021-04-09T08:00:01.003000Z,SE0000310336,2021-04-09 09:00:01,2021-04-09T08:00:01.007000Z,SEK,XSTO,XSTO,MonetaryAmount,N,1O-------PH---,000004695,712.8,10,,,
112,6608,2021-04-09 09:00:01,2021-04-09T08:00:01.003000Z,SE0000310336,2021-04-09 09:00:01,2021-04-09T08:00:01.007000Z,SEK,XSTO,XSTO,MonetaryAmount,N,1O-------PH---,000004696,712.8,2,,,
113,6607,2021-04-09 09:00:01,2021-04-09T08:00:01.003000Z,SE0000310336,2021-04-09 09:00:01,2021-04-09T08:00:01.007000Z,SEK,XSTO,XSTO,MonetaryAmount,N,1O-------PH---,000004697,712.8,70,,,
114,6606,2021-04-09 09:00:01,2021-04-09T08:00:01.003000Z,SE0000310336,2021-04-09 09:00:01,2021-04-09T08:00:01.007000Z,SEK,XSTO,XSTO,MonetaryAmount,N,1O-------PH---,000004698,712.8,6,,,
115,6605,2021-04-09 09:00:01,2021-04-09T08:00:01.003000Z,SE0000310336,2021-04-09 09:00:01,2021-04-09T08:00:01.007000Z,SEK,XSTO,XSTO,MonetaryAmount,N,1O-------PH---,000004699,712.8,2,,,
116,6604,2021-04-09 09:00:01,2021-04-09T08:00:01.003000Z,SE0000310336,2021-04-09 09:00:01,2021-04-09T08:00:01.007000Z,SEK,XSTO,XSTO,MonetaryAmount,N,1O-------PH---,000004700,712.8,2,,,
117,6603,2021-04-09 09:00:01,2021-04-09T08:00:01.003000Z,SE0000310336,2021-04-09 09:00:01,2021-04-09T08:00:01.007000Z,SEK,XSTO,XSTO,MonetaryAmount,N,1O-------PH---,000004701,712.8,4,,,
118,6602,2021-04-09 09:00:01,2021-04-09T08:00:01.003000Z,SE0000310336,2021-04-09 09:00:01,2021-04-09T08:00:01.007000Z,SEK,XSTO,XSTO,MonetaryAmount,N,1O-------PH---,000004702,712.8,1,,,
119,6601,2021-04-09 09:00:01,2021-04-09T08:00:01.003000Z,SE0000310336,2021-04-09 09:00:01,2021-04-09T08:00:01.007000Z,SEK,XSTO,XSTO,MonetaryAmount,N,1O-------PH---,000004703,712.8,15,,,
120,6600,2021-04-09 09:00:01,2021-04-09T08:00:01.003000Z,SE0000310336,2021-04-09 09:00:01,2021-04-09T08:00:01.007000Z,SEK,XSTO,XSTO,MonetaryAmount,N,1O-------PH---,000004704,712.8,28,,,
121,6599,2021-04-09 09:00:01,2021-04-09T08:00:01.003000Z,SE0000310336,2021-04-09 09:00:01,2021-04-09T08:00:01.007000Z,SEK,XSTO,XSTO,MonetaryAmount,N,1O-------PH---,000004705,712.8,9,,,
122,6598,2021-04-09 09:00:01,2021-04-09T08:00:01.003000Z,SE0000310336,2021-04-09 09:00:01,2021-04-09T08:00:01.007000Z,SEK,XSTO,XSTO,MonetaryAmount,N,1O-------PH---,000004706,712.8,40,,,
123,6597,2021-04-09 09:00:01,2021-04-09T08:00:01.003000Z,SE0000310336,2021-04-09 09:00:01,2021-04-09T08:00:01.007000Z,SEK,XSTO,XSTO,MonetaryAmount,N,1O-------PH---,000004707,712.8,2,,,
124,6596,2021-04-09 09:00:01,2021-04-09T08:00:01.003000Z,SE0000310336,2021-04-09 09:00:01,2021-04-09T08:00:01.010000Z,SEK,XSTO,XSTO,MonetaryAmount,N,1O-------PH---,000004708,712.8,5,,,
125,6595,2021-04-09 09:00:01,2021-04-09T08:00:01.003000Z,SE0000310336,2021-04-09 09:00:01,2021-04-09T08:00:01.010000Z,SEK,XSTO,XSTO,MonetaryAmount,N,1O-------PH---,000004709,712.8,25,,,
126,6594,2021-04-09 09:00:01,2021-04-09T08:00:01.003000Z,SE0000310336,2021-04-09 09:00:01,2021-04-09T08:00:01.010000Z,SEK,XSTO,XSTO,MonetaryAmount,N,1O-------PH---,000004710,712.8,1,,,
127,6593,2021-04-09 09:00:01,2021-04-09T08:00:01.003000Z,SE0000310336,2021-04-09 09:00:01,2021-04-09T08:00:01.010000Z,SEK,XSTO,XSTO,MonetaryAmount,N,1O-------PH---,000004711,712.8,2,,,
128,6592,2021-04-09 09:00:01,2021-04-09T08:00:01.003000Z,SE0000310336,2021-04-09 09:00:01,2021-04-09T08:00:01.010000Z,SEK,XSTO,XSTO,MonetaryAmount,N,1O-------PH---,000004712,712.8,8,,,
129,6591,2021-04-09 09:00:01,2021-04-09T08:00:01.003000Z,SE0000310336,2021-04-09 09:00:01,2021-04-09T08:00:01.010000Z,SEK,XSTO,XSTO,MonetaryAmount,N,1O-------PH---,000004713,712.8,5,,,
130,6590,2021-04-09 09:00:01,2021-04-09T08:00:01.003000Z,SE0000310336,2021-04-09 09:00:01,2021-04-09T08:00:01.010000Z,SEK,XSTO,XSTO,MonetaryAmount,N,1O-------PH---,000004714,712.8,16,,,
131,6589,2021-04-09 09:00:01,2021-04-09T08:00:01.003000Z,SE0000310336,2021-04-09 09:00:01,2021-04-09T08:00:01.010000Z,SEK,XSTO,XSTO,MonetaryAmount,N,1O-------PH---,000004715,712.8,5,,,
132,6588,2021-04-09 09:00:01,2021-04-09T08:00:01.003000Z,SE0000310336,2021-04-09 09:00:01,2021-04-09T08:00:01.010000Z,SEK,XSTO,XSTO,MonetaryAmount,N,1O-------PH---,000004716,712.8,3,,,
133,6587,2021-04-09 09:00:01,2021-04-09T08:00:01.003000Z,SE0000310336,2021-04-09 09:00:01,2021-04-09T08:00:01.010000Z,SEK,XSTO,XSTO,MonetaryAmount,N,1O-------PH---,000004717,712.8,1,,,
134,6586,2021-04-09 09:00:01,2021-04-09T08:00:01.003000Z,SE0000310336,2021-04-09 09:00:01,2021-04-09T08:00:01.010000Z,SEK,XSTO,XSTO,MonetaryAmount,N,1O-------PH---,000004718,712.8,30,,,
135,6585,2021-04-09 09:00:01,2021-04-09T08:00:01.003000Z,SE0000310336,2021-04-09 09:00:01,2021-04-09T08:00:01.010000Z,SEK,XSTO,XSTO,MonetaryAmount,N,1O-------PH---,000004719,712.8,2,,,
136,6584,2021-04-09 09:00:01,2021-04-09T08:00:01.003000Z,SE0000310336,2021-04-09 09:00:01,2021-04-09T08:00:01.010000Z,SEK,XSTO,XSTO,MonetaryAmount,N,1O-------PH---,000004720,712.8,3,,,
137,6583,2021-04-09 09:00:01,2021-04-09T08:00:01.003000Z,SE0000310336,2021-04-09 09:00:01,2021-04-09T08:00:01.010000Z,SEK,XSTO,XSTO,MonetaryAmount,N,1O-------PH---,000004721,712.8,1,,,
138,6582,2021-04-09 09:00:01,2021-04-09T08:00:01.003000Z,SE0000310336,2021-04-09 09:00:01,2021-04-09T08:00:01.010000Z,SEK,XSTO,XSTO,MonetaryAmount,N,1O-------PH---,000004722,712.8,10,,,
139,6581,2021-04-09 09:00:01,2021-04-09T08:00:01.003000Z,SE0000310336,2021-04-09 09:00:01,2021-04-09T08:00:01.010000Z,SEK,XSTO,XSTO,MonetaryAmount,N,1O-------PH---,000004723,712.8,1,,,
140,6580,2021-04-09 09:00:01,2021-04-09T08:00:01.003000Z,SE0000310336,2021-04-09 09:00:01,2021-04-09T08:00:01.010000Z,SEK,XSTO,XSTO,MonetaryAmount,N,1O-------PH---,000004724,712.8,71,,,
141,6579,2021-04-09 09:00:01,2021-04-09T08:00:01.003000Z,SE0000310336,2021-04-09 09:00:01,2021-04-09T08:00:01.010000Z,SEK,XSTO,XSTO,MonetaryAmount,N,1O-------PH---,000004725,712.8,209,,,
142,6578,2021-04-09 09:00:01,2021-04-09T08:00:01.003000Z,SE0000310336,2021-04-09 09:00:01,2021-04-09T08:00:01.010000Z,SEK,XSTO,XSTO,MonetaryAmount,N,1O-------PH---,000004726,712.8,10,,,
143,6577,2021-04-09 09:00:01,2021-04-09T08:00:01.003000Z,SE0000310336,2021-04-09 09:00:01,2021-04-09T08:00:01.010000Z,SEK,XSTO,XSTO,MonetaryAmount,N,1O-------PH---,000004727,712.8,5,,,
144,6576,2021-04-09 09:00:01,2021-04-09T08:00:01.003000Z,SE0000310336,2021-04-09 09:00:01,2021-04-09T08:00:01.010000Z,SEK,XSTO,XSTO,MonetaryAmount,N,1O-------PH---,000004728,712.8,60,,,
145,6575,2021-04-09 09:00:01,2021-04-09T08:00:01.003000Z,SE0000310336,2021-04-09 09:00:01,2021-04-09T08:00:01.010000Z,SEK,XSTO,XSTO,MonetaryAmount,N,1O-------PH---,000004729,712.8,100,,,
146,6574,2021-04-09 09:00:01,2021-04-09T08:00:01.003000Z,SE0000310336,2021-04-09 09:00:01,2021-04-09T08:00:01.010000Z,SEK,XSTO,XSTO,MonetaryAmount,N,1O-------PH---,000004730,712.8,13,,,
147,6573,2021-04-09 09:00:01,2021-04-09T08:00:01.003000Z,SE0000310336,2021-04-09 09:00:01,2021-04-09T08:00:01.010000Z,SEK,XSTO,XSTO,MonetaryAmount,N,1O-------PH---,000004731,712.8,6,,,
148,6572,2021-04-09 09:00:01,2021-04-09T08:00:01.003000Z,SE0000310336,2021-04-09 09:00:01,2021-04-09T08:00:01.010000Z,SEK,XSTO,XSTO,MonetaryAmount,N,1O-------PH---,000004732,712.8,29,,,
149,6571,2021-04-09 09:00:01,2021-04-09T08:00:01.003000Z,SE0000310336,2021-04-09 09:00:01,2021-04-09T08:00:01.010000Z,SEK,XSTO,XSTO,MonetaryAmount,N,1O-------PH---,000004733,712.8,5,,,
150,6570,2021-04-09 09:00:01,2021-04-09T08:00:01.003000Z,SE0000310336,2021-04-09 09:00:01,2021-04-09T08:00:01.010000Z,SEK,XSTO,XSTO,MonetaryAmount,N,1O-------PH---,000004734,712.8,29,,,
151,6569,2021-04-09 09:00:01,2021-04-09T08:00:01.003000Z,SE0000310336,2021-04-09 09:00:01,2021-04-09T08:00:01.010000Z,SEK,XSTO,XSTO,MonetaryAmount,N,1O-------PH---,000004735,712.8,248,,,
152,6568,2021-04-09 09:00:01,2021-04-09T08:00:01.067000Z,SE0000310336,2021-04-09 09:00:01,2021-04-09T08:00:01.067000Z,SEK,XSTO,XSTO,MonetaryAmount,N,12-------PH---,000005028,713.0,50,,,
153,6567,2021-04-09 09:00:01,2021-04-09T08:00:01.067000Z,SE0000310336,2021-04-09 09:00:01,2021-04-09T08:00:01.067000Z,SEK,XSTO,XSTO,MonetaryAmount,N,12-------PH---,000005029,713.0,5,,,
154,6566,2021-04-09 09:00:06,2021-04-09T08:00:06.270000Z,SE0000310336,2021-04-09 09:00:06,2021-04-09T08:00:06.270000Z,SEK,XSTO,XSTO,MonetaryAmount,N,12-------PH---,000023987,713.0,134,,,
155,6565,2021-04-09 09:00:10,2021-04-09T08:00:10.707000Z,SE0000310336,2021-04-09 09:00:10,2021-04-09T08:00:10.707000Z,SEK,XSTO,XSTO,MonetaryAmount,N,12-------PH---,000024531,712.8,1,,,
156,6564,2021-04-09 09:00:10,2021-04-09T08:00:10.707000Z,SE0000310336,2021-04-09 09:00:10,2021-04-09T08:00:10.707000Z,SEK,XSTO,XSTO,MonetaryAmount,N,12-------PH---,000024532,712.8,1,,,
157,6563,2021-04-09 09:00:10,2021-04-09T08:00:10.707000Z,SE0000310336,2021-04-09 09:00:10,2021-04-09T08:00:10.707000Z,SEK,XSTO,XSTO,MonetaryAmount,N,12-------PH---,000024533,712.8,129,,,
158,6562,2021-04-09 09:00:10,2021-04-09T08:00:10.710000Z,SE0000310336,2021-04-09 09:00:10,2021-04-09T08:00:10.710000Z,SEK,XSTO,XSTO,MonetaryAmount,N,12-------PH---,000024534,712.8,129,,,
159,6561,2021-04-09 09:00:10,2021-04-09T08:00:10.710000Z,SE0000310336,2021-04-09 09:00:10,2021-04-09T08:00:10.710000Z,SEK,XSTO,XSTO,MonetaryAmount,N,12-------PH---,000024535,712.8,129,,,
160,6560,2021-04-09 09:00:10,2021-04-09T08:00:10.727000Z,SE0000310336,2021-04-09 09:00:10,2021-04-09T08:00:10.727000Z,SEK,XSTO,XSTO,MonetaryAmount,N,12-------PH---,000024536,712.8,8,,,
161,6559,2021-04-09 09:00:14,2021-04-09T08:00:14.860000Z,SE0000310336,2021-04-09 09:00:14,2021-04-09T08:00:14.860000Z,SEK,XSTO,XSTO,MonetaryAmount,N,12-------PH---,000025097,712.8,136,,,
162,6558,2021-04-09 09:00:17,2021-04-09T08:00:17.327000Z,SE0000310336,2021-04-09 09:00:17,2021-04-09T08:00:17.327000Z,SEK,XSTO,XSTO,MonetaryAmount,N,12-------PH---,000026345,713.0,122,,,
163,6557,2021-04-09 09:00:17,2021-04-09T08:00:17.327000Z,SE0000310336,2021-04-09 09:00:17,2021-04-09T08:00:17.327000Z,SEK,XSTO,XSTO,MonetaryAmount,N,12-------PH---,000026346,713.0,97,,,
164,6556,2021-04-09 09:00:17,2021-04-09T08:00:17.327000Z,SE0000310336,2021-04-09 09:00:17,2021-04-09T08:00:17.327000Z,SEK,XSTO,XSTO,MonetaryAmount,N,12-------PH---,000026347,713.0,31,,,
165,6555,2021-04-09 09:00:17,2021-04-09T08:00:17.327000Z,SE0000310336,2021-04-09 09:00:17,2021-04-09T08:00:17.327000Z,SEK,XSTO,XSTO,MonetaryAmount,N,12-------PH---,000026348,713.0,93,,,
166,6554,2021-04-09 09:00:17,2021-04-09T08:00:17.383000Z,SE0000310336,2021-04-09 09:00:17,2021-04-09T08:00:17.383000Z,SEK,XSTO,XSTO,MonetaryAmount,N,12-------PH---,000026358,712.8,64,,,
167,6553,2021-04-09 09:00:22,2021-04-09T08:00:22.560000Z,SE0000310336,2021-04-09 09:00:22,2021-04-09T08:00:22.560000Z,SEK,XSTO,XSTO,MonetaryAmount,N,12-------PH---,000027037,713.2,2,,,
168,6552,2021-04-09 09:00:22,2021-04-09T08:00:22.577000Z,SE0000310336,2021-04-09 09:00:22,2021-04-09T08:00:22.577000Z,SEK,XSTO,XSTO,MonetaryAmount,N,12-------PH---,000027043,713.2,118,,,
169,6551,2021-04-09 09:00:37,2021-04-09T08:00:37.027000Z,SE0000310336,2021-04-09 09:00:37,2021-04-09T08:00:37.027000Z,SEK,XSTO,XSTO,MonetaryAmount,N,12-------PH---,000028992,713.0,90,,,
170,6550,2021-04-09 09:00:37,2021-04-09T08:00:37.027000Z,SE0000310336,2021-04-09 09:00:37,2021-04-09T08:00:37.027000Z,SEK,XSTO,XSTO,MonetaryAmount,N,12-------PH---,000028993,713.0,18,,,
171,6549,2021-04-09 09:00:39,2021-04-09T08:00:39.740000Z,SE0000310336,2021-04-09 09:00:39,2021-04-09T08:00:39.740000Z,SEK,XSTO,XSTO,MonetaryAmount,N,12-------PH---,000029367,713.2,13,,,
172,6548,2021-04-09 09:00:44,2021-04-09T08:00:44.017000Z,SE0000310336,2021-04-09 09:00:44,2021-04-09T08:00:44.017000Z,SEK,XSTO,XSTO,MonetaryAmount,N,12-------PH---,000029725,713.4,122,,,
173,6547,2021-04-09 09:00:44,2021-04-09T08:00:44.017000Z,SE0000310336,2021-04-09 09:00:44,2021-04-09T08:00:44.017000Z,SEK,XSTO,XSTO,MonetaryAmount,N,12-------PH---,000029726,713.4,293,,,
174,6546,2021-04-09 09:00:44,2021-04-09T08:00:44.017000Z,SE0000310336,2021-04-09 09:00:44,2021-04-09T08:00:44.017000Z,SEK,XSTO,XSTO,MonetaryAmount,N,12-------PH---,000029727,713.4,80,,,
175,6545,2021-04-09 09:00:46,2021-04-09T08:00:46.890000Z,SE0000310336,2021-04-09 09:00:46,2021-04-09T08:00:46.890000Z,SEK,XSTO,XSTO,MonetaryAmount,N,12-------PH---,000029976,713.4,90,,,
176,6544,2021-04-09 09:00:47,2021-04-09T08:00:47.353000Z,SE0000310336,2021-04-09 09:00:47,2021-04-09T08:00:47.353000Z,SEK,XSTO,XSTO,MonetaryAmount,N,12-------PH---,000030003,713.4,90,,,
177,6543,2021-04-09 09:00:54,2021-04-09T08:00:54.727000Z,SE0000310336,2021-04-09 09:00:54,2021-04-09T08:00:54.727000Z,SEK,XSTO,XSTO,MonetaryAmount,N,12-------PH---,000030540,713.8,3,,,
178,6542,2021-04-09 09:00:54,2021-04-09T08:00:54.727000Z,SE0000310336,2021-04-09 09:00:54,2021-04-09T08:00:54.727000Z,SEK,XSTO,XSTO,MonetaryAmount,N,12-------PH---,000030541,713.8,247,,,
179,6541,2021-04-09 09:00:54,2021-04-09T08:00:54.727000Z,SE0000310336,2021-04-09 09:00:54,2021-04-09T08:00:54.727000Z,SEK,XSTO,XSTO,MonetaryAmount,N,12-------PH---,000030542,713.8,49,,,
180,6540,2021-04-09 09:00:54,2021-04-09T08:00:54.727000Z,SE0000310336,2021-04-09 09:00:54,2021-04-09T08:00:54.727000Z,SEK,XSTO,XSTO,MonetaryAmount,N,12-------PH---,000030543,713.8,89,,,
181,6539,2021-04-09 09:00:54,2021-04-09T08:00:54.803000Z,SE0000310336,2021-04-09 09:00:54,2021-04-09T08:00:54.803000Z,SEK,XSTO,XSTO,MonetaryAmount,N,12-------PH---,000030562,714.0,30,,,
182,6538,2021-04-09 09:00:54,2021-04-09T08:00:54.803000Z,SE0000310336,2021-04-09 09:00:54,2021-04-09T08:00:54.803000Z,SEK,XSTO,XSTO,MonetaryAmount,N,12-------PH---,000030563,714.0,35,,,
183,6537,2021-04-09 09:00:54,2021-04-09T08:00:54.803000Z,SE0000310336,2021-04-09 09:00:54,2021-04-09T08:00:54.803000Z,SEK,XSTO,XSTO,MonetaryAmount,N,12-------PH---,000030564,714.0,226,,,
184,6536,2021-04-09 09:00:54,2021-04-09T08:00:54.803000Z,SE0000310336,2021-04-09 09:00:54,2021-04-09T08:00:54.803000Z,SEK,XSTO,XSTO,MonetaryAmount,N,12-------PH---,000030565,714.0,117,,,
185,6535,2021-04-09 09:00:59,2021-04-09T08:00:59.900000Z,SE0000310336,2021-04-09 09:00:59,2021-04-09T08:00:59.900000Z,SEK,XSTO,XSTO,MonetaryAmount,N,12-------PH---,000031381,713.8,144,,,
186,6534,2021-04-09 09:01:03,2021-04-09T08:01:03.847000Z,SE0000310336,2021-04-09 09:01:03,2021-04-09T08:01:03.847000Z,SEK,XSTO,XSTO,MonetaryAmount,N,12-------PH---,000031959,713.8,1,,,
187,6533,2021-04-09 09:01:06,2021-04-09T08:01:06.447000Z,SE0000310336,2021-04-09 09:01:06,2021-04-09T08:01:06.447000Z,SEK,XSTO,XSTO,MonetaryAmount,N,12-------PH---,000032315,713.8,2,,,
188,6532,2021-04-09 09:01:07,2021-04-09T08:01:07.090000Z,SE0000310336,2021-04-09 09:01:07,2021-04-09T08:01:07.090000Z,SEK,XSTO,XSTO,MonetaryAmount,N,12-------PH---,000032365,713.6,1,,,
189,6531,2021-04-09 09:01:12,2021-04-09T08:01:12.153000Z,SE0000310336,2021-04-09 09:01:12,2021-04-09T08:01:12.153000Z,SEK,XSTO,XSTO,MonetaryAmount,N,12-------PH---,000032939,713.4,129,,,
190,6530,2021-04-09 09:01:12,2021-04-09T08:01:12.153000Z,SE0000310336,2021-04-09 09:01:12,2021-04-09T08:01:12.153000Z,SEK,XSTO,XSTO,MonetaryAmount,N,12-------PH---,000032940,713.4,47,,,
191,6529,2021-04-09 09:01:12,2021-04-09T08:01:12.153000Z,SE0000310336,2021-04-09 09:01:12,2021-04-09T08:01:12.153000Z,SEK,XSTO,XSTO,MonetaryAmount,N,12-------PH---,000032941,713.4,6,,,
192,6528,2021-04-09 09:01:12,2021-04-09T08:01:12.153000Z,SE0000310336,2021-04-09 09:01:12,2021-04-09T08:01:12.153000Z,SEK,XSTO,XSTO,MonetaryAmount,N,12-------PH---,000032942,713.4,7,,,
193,6527,2021-04-09 09:01:12,2021-04-09T08:01:12.157000Z,SE0000310336,2021-04-09 09:01:12,2021-04-09T08:01:12.157000Z,SEK,XSTO,XSTO,MonetaryAmount,N,12-------PH---,000032945,713.4,490,,,
194,6526,2021-04-09 09:01:21,2021-04-09T08:01:21.130000Z,SE0000310336,2021-04-09 09:01:21,2021-04-09T08:01:21.133000Z,SEK,XSTO,XSTO,MonetaryAmount,N,12-------PH---,000034097,713.6,2,,,
195,6525,2021-04-09 09:01:24,2021-04-09T08:01:24.410000Z,SE0000310336,2021-04-09 09:01:24,2021-04-09T08:01:24.410000Z,SEK,XSTO,XSTO,MonetaryAmount,N,12-------PH---,000034471,713.4,10,,,
196,6524,2021-04-09 09:01:24,2021-04-09T08:01:24.583000Z,SE0000310336,2021-04-09 09:01:24,2021-04-09T08:01:24.583000Z,SEK,XSTO,XSTO,MonetaryAmount,N,12-------PH---,000034492,713.8,49,,,
197,6523,2021-04-09 09:01:30,2021-04-09T08:01:30.767000Z,SE0000310336,2021-04-09 09:01:30,2021-04-09T08:01:30.767000Z,SEK,MSTO,XSTO,MonetaryAmount,N,5U-------PH---,000035114,713.8,4,,,Auction On Demand
198,6522,2021-04-09 09:01:34,2021-04-09T08:01:34.977000Z,SE0000310336,2021-04-09 09:01:34,2021-04-09T08:01:34.977000Z,SEK,XSTO,XSTO,MonetaryAmount,N,45-3-----PH---,F050046720,713.8,1,,,Standard Routed Trade
199,6521,2021-04-09 09:01:43,2021-04-09T08:01:43.620000Z,SE0000310336,2021-04-09 09:01:43,2021-04-09T08:01:43.620000Z,SEK,XSTO,XSTO,MonetaryAmount,N,12-------PH---,000036403,714.0,1,,,
200,6520,2021-04-09 09:01:45,2021-04-09T08:01:45.193000Z,SE0000310336,2021-04-09 09:01:45,2021-04-09T08:01:45.193000Z,SEK,XSTO,XSTO,MonetaryAmount,N,12-------PH---,000036477,713.6,1,,,
201,6519,2021-04-09 09:01:49,2021-04-09T08:01:49.880000Z,SE0000310336,2021-04-09 09:01:49,2021-04-09T08:01:49.880000Z,SEK,XSTO,XSTO,MonetaryAmount,N,12-------PH---,000037343,713.4,20,,,
202,6518,2021-04-09 09:01:49,2021-04-09T08:01:49.880000Z,SE0000310336,2021-04-09 09:01:49,2021-04-09T08:01:49.880000Z,SEK,XSTO,XSTO,MonetaryAmount,N,12-------PH---,000037344,713.4,1,,,
203,6517,2021-04-09 09:01:54,2021-04-09T08:01:54.357000Z,SE0000310336,2021-04-09 09:01:54,2021-04-09T08:01:54.357000Z,SEK,XSTO,XSTO,MonetaryAmount,N,12-------PH---,000038670,713.8,6,,,
204,6516,2021-04-09 09:02:00,2021-04-09T08:02:00.810000Z,SE0000310336,2021-04-09 09:02:00,2021-04-09T08:02:00.810000Z,SEK,XSTO,XSTO,MonetaryAmount,N,12-------PH---,000039322,713.8,48,,,
205,6515,2021-04-09 09:02:00,2021-04-09T08:02:00.810000Z,SE0000310336,2021-04-09 09:02:00,2021-04-09T08:02:00.810000Z,SEK,XSTO,XSTO,MonetaryAmount,N,12-------PH---,000039323,713.8,41,,,
206,6514,2021-04-09 09:02:04,2021-04-09T08:02:04.537000Z,SE0000310336,2021-04-09 09:02:04,2021-04-09T08:02:04.537000Z,SEK,XSTO,XSTO,MonetaryAmount,N,12-------PH---,000039821,714.0,41,,,
207,6513,2021-04-09 09:02:04,2021-04-09T08:02:04.537000Z,SE0000310336,2021-04-09 09:02:04,2021-04-09T08:02:04.537000Z,SEK,XSTO,XSTO,MonetaryAmount,N,12-------PH---,000039822,714.0,55,,,
208,6512,2021-04-09 09:02:12,2021-04-09T08:02:12.083000Z,SE0000310336,2021-04-09 09:02:12,2021-04-09T08:02:12.083000Z,SEK,XSTO,XSTO,MonetaryAmount,N,12-------PH---,000040514,714.0,180,,,
209,6511,2021-04-09 09:02:12,2021-04-09T08:02:12.083000Z,SE0000310336,2021-04-09 09:02:12,2021-04-09T08:02:12.083000Z,SEK,XSTO,XSTO,MonetaryAmount,N,12-------PH---,000040515,714.0,12,,,
210,6510,2021-04-09 09:02:12,2021-04-09T08:02:12.187000Z,SE0000310336,2021-04-09 09:02:12,2021-04-09T08:02:12.187000Z,SEK,XSTO,XSTO,MonetaryAmount,N,12-------PH---,000040518,714.2,4,,,
211,6509,2021-04-09 09:02:12,2021-04-09T08:02:12.187000Z,SE0000310336,2021-04-09 09:02:12,2021-04-09T08:02:12.187000Z,SEK,XSTO,XSTO,MonetaryAmount,N,12-------PH---,000040519,714.2,41,,,
212,6508,2021-04-09 09:02:25,2021-04-09T08:02:25.013000Z,SE0000310336,2021-04-09 09:02:25,2021-04-09T08:02:25.013000Z,SEK,XSTO,XSTO,MonetaryAmount,N,12-------PH---,000041529,714.2,90,,,
213,6507,2021-04-09 09:02:25,2021-04-09T08:02:25.067000Z,SE0000310336,2021-04-09 09:02:25,2021-04-09T08:02:25.067000Z,SEK,XSTO,XSTO,MonetaryAmount,N,12-------PH---,000041541,714.4,40,,,
214,6506,2021-04-09 09:02:25,2021-04-09T08:02:25.067000Z,SE0000310336,2021-04-09 09:02:25,2021-04-09T08:02:25.067000Z,SEK,XSTO,XSTO,MonetaryAmount,N,12-------PH---,000041542,714.4,6,,,
215,6505,2021-04-09 09:02:25,2021-04-09T08:02:25.090000Z,SE0000310336,2021-04-09 09:02:25,2021-04-09T08:02:25.090000Z,SEK,XSTO,XSTO,MonetaryAmount,N,12-------PH---,000041544,714.6,1,,,
216,6504,2021-04-09 09:02:25,2021-04-09T08:02:25.090000Z,SE0000310336,2021-04-09 09:02:25,2021-04-09T08:02:25.090000Z,SEK,XSTO,XSTO,MonetaryAmount,N,12-------PH---,000041545,714.6,1,,,
217,6503,2021-04-09 09:02:25,2021-04-09T08:02:25.090000Z,SE0000310336,2021-04-09 09:02:25,2021-04-09T08:02:25.090000Z,SEK,XSTO,XSTO,MonetaryAmount,N,12-------PH---,000041546,714.6,6,,,
218,6502,2021-04-09 09:02:25,2021-04-09T08:02:25.090000Z,SE0000310336,2021-04-09 09:02:25,2021-04-09T08:02:25.090000Z,SEK,XSTO,XSTO,MonetaryAmount,N,12-------PH---,000041547,714.6,110,,,
219,6501,2021-04-09 09:02:25,2021-04-09T08:02:25.090000Z,SE0000310336,2021-04-09 09:02:25,2021-04-09T08:02:25.090000Z,SEK,XSTO,XSTO,MonetaryAmount,N,12-------PH---,000041548,714.6,4,,,
220,6500,2021-04-09 09:02:25,2021-04-09T08:02:25.090000Z,SE0000310336,2021-04-09 09:02:25,2021-04-09T08:02:25.090000Z,SEK,XSTO,XSTO,MonetaryAmount,N,12-------PH---,000041549,714.6,1,,,
221,6499,2021-04-09 09:02:25,2021-04-09T08:02:25.090000Z,SE0000310336,2021-04-09 09:02:25,2021-04-09T08:02:25.090000Z,SEK,XSTO,XSTO,MonetaryAmount,N,12-------PH---,000041550,714.6,4,,,
222,6498,2021-04-09 09:02:25,2021-04-09T08:02:25.090000Z,SE0000310336,2021-04-09 09:02:25,2021-04-09T08:02:25.090000Z,SEK,XSTO,XSTO,MonetaryAmount,N,12-------PH---,000041551,714.6,1,,,
223,6497,2021-04-09 09:02:25,2021-04-09T08:02:25.090000Z,SE0000310336,2021-04-09 09:02:25,2021-04-09T08:02:25.090000Z,SEK,XSTO,XSTO,MonetaryAmount,N,12-------PH---,000041552,714.6,10,,,
224,6496,2021-04-09 09:02:25,2021-04-09T08:02:25.090000Z,SE0000310336,2021-04-09 09:02:25,2021-04-09T08:02:25.090000Z,SEK,XSTO,XSTO,MonetaryAmount,N,12-------PH---,000041553,714.6,20,,,
225,6495,2021-04-09 09:02:25,2021-04-09T08:02:25.090000Z,SE0000310336,2021-04-09 09:02:25,2021-04-09T08:02:25.090000Z,SEK,XSTO,XSTO,MonetaryAmount,N,12-------PH---,000041554,714.6,3,,,
226,6494,2021-04-09 09:02:25,2021-04-09T08:02:25.090000Z,SE0000310336,2021-04-09 09:02:25,2021-04-09T08:02:25.090000Z,SEK,XSTO,XSTO,MonetaryAmount,N,12-------PH---,000041555,714.6,18,,,
227,6493,2021-04-09 09:02:25,2021-04-09T08:02:25.090000Z,SE0000310336,2021-04-09 09:02:25,2021-04-09T08:02:25.090000Z,SEK,XSTO,XSTO,MonetaryAmount,N,12-------PH---,000041556,714.6,3,,,
228,6492,2021-04-09 09:02:25,2021-04-09T08:02:25.090000Z,SE0000310336,2021-04-09 09:02:25,2021-04-09T08:02:25.090000Z,SEK,XSTO,XSTO,MonetaryAmount,N,12-------PH---,000041557,714.6,1,,,
229,6491,2021-04-09 09:02:25,2021-04-09T08:02:25.090000Z,SE0000310336,2021-04-09 09:02:25,2021-04-09T08:02:25.090000Z,SEK,XSTO,XSTO,MonetaryAmount,N,12-------PH---,000041558,714.6,3,,,
230,6490,2021-04-09 09:02:25,2021-04-09T08:02:25.090000Z,SE0000310336,2021-04-09 09:02:25,2021-04-09T08:02:25.090000Z,SEK,XSTO,XSTO,MonetaryAmount,N,12-------PH---,000041559,714.6,7,,,
231,6489,2021-04-09 09:02:25,2021-04-09T08:02:25.090000Z,SE0000310336,2021-04-09 09:02:25,2021-04-09T08:02:25.090000Z,SEK,XSTO,XSTO,MonetaryAmount,N,12-------PH---,000041560,714.6,1,,,
232,6488,2021-04-09 09:02:25,2021-04-09T08:02:25.090000Z,SE0000310336,2021-04-09 09:02:25,2021-04-09T08:02:25.090000Z,SEK,XSTO,XSTO,MonetaryAmount,N,12-------PH---,000041561,714.6,1,,,
233,6487,2021-04-09 09:02:25,2021-04-09T08:02:25.090000Z,SE0000310336,2021-04-09 09:02:25,2021-04-09T08:02:25.090000Z,SEK,XSTO,XSTO,MonetaryAmount,N,12-------PH---,000041562,714.6,2,,,
234,6486,2021-04-09 09:02:25,2021-04-09T08:02:25.090000Z,SE0000310336,2021-04-09 09:02:25,2021-04-09T08:02:25.090000Z,SEK,XSTO,XSTO,MonetaryAmount,N,12-------PH---,000041563,714.6,5,,,
235,6485,2021-04-09 09:02:25,2021-04-09T08:02:25.090000Z,SE0000310336,2021-04-09 09:02:25,2021-04-09T08:02:25.090000Z,SEK,XSTO,XSTO,MonetaryAmount,N,12-------PH---,000041564,714.6,53,,,
236,6484,2021-04-09 09:02:25,2021-04-09T08:02:25.090000Z,SE0000310336,2021-04-09 09:02:25,2021-04-09T08:02:25.090000Z,SEK,XSTO,XSTO,MonetaryAmount,N,12-------PH---,000041565,714.6,23,,,
237,6483,2021-04-09 09:02:25,2021-04-09T08:02:25.090000Z,SE0000310336,2021-04-09 09:02:25,2021-04-09T08:02:25.090000Z,SEK,XSTO,XSTO,MonetaryAmount,N,12-------PH---,000041566,714.6,1,,,
238,6482,2021-04-09 09:02:25,2021-04-09T08:02:25.090000Z,SE0000310336,2021-04-09 09:02:25,2021-04-09T08:02:25.090000Z,SEK,XSTO,XSTO,MonetaryAmount,N,12-------PH---,000041567,714.6,60,,,
239,6481,2021-04-09 09:02:25,2021-04-09T08:02:25.090000Z,SE0000310336,2021-04-09 09:02:25,2021-04-09T08:02:25.090000Z,SEK,XSTO,XSTO,MonetaryAmount,N,12-------PH---,000041568,714.6,10,,,
240,6480,2021-04-09 09:02:25,2021-04-09T08:02:25.090000Z,SE0000310336,2021-04-09 09:02:25,2021-04-09T08:02:25.090000Z,SEK,XSTO,XSTO,MonetaryAmount,N,12-------PH---,000041569,714.6,7,,,
241,6479,2021-04-09 09:02:25,2021-04-09T08:02:25.090000Z,SE0000310336,2021-04-09 09:02:25,2021-04-09T08:02:25.090000Z,SEK,XSTO,XSTO,MonetaryAmount,N,12-------PH---,000041570,714.6,1,,,
242,6478,2021-04-09 09:02:25,2021-04-09T08:02:25.090000Z,SE0000310336,2021-04-09 09:02:25,2021-04-09T08:02:25.090000Z,SEK,XSTO,XSTO,MonetaryAmount,N,12-------PH---,000041571,714.6,90,,,
243,6477,2021-04-09 09:02:25,2021-04-09T08:02:25.113000Z,SE0000310336,2021-04-09 09:02:25,2021-04-09T08:02:25.113000Z,SEK,XSTO,XSTO,MonetaryAmount,N,12-------PH---,000041572,714.8,5,,,
244,6476,2021-04-09 09:02:25,2021-04-09T08:02:25.113000Z,SE0000310336,2021-04-09 09:02:25,2021-04-09T08:02:25.113000Z,SEK,XSTO,XSTO,MonetaryAmount,N,12-------PH---,000041573,714.8,26,,,
245,6475,2021-04-09 09:02:25,2021-04-09T08:02:25.133000Z,SE0000310336,2021-04-09 09:02:25,2021-04-09T08:02:25.133000Z,SEK,XSTO,XSTO,MonetaryAmount,N,12-------PH---,000041574,714.6,1,,,
246,6474,2021-04-09 09:02:25,2021-04-09T08:02:25.453000Z,SE0000310336,2021-04-09 09:02:25,2021-04-09T08:02:25.453000Z,SEK,XSTO,XSTO,MonetaryAmount,N,12-------PH---,000041592,714.8,50,,,
247,6473,2021-04-09 09:02:27,2021-04-09T08:02:27.550000Z,SE0000310336,2021-04-09 09:02:27,2021-04-09T08:02:27.550000Z,SEK,XSTO,XSTO,MonetaryAmount,N,12-------PH---,000041737,714.6,8,,,
248,6472,2021-04-09 09:02:29,2021-04-09T08:02:29.167000Z,SE0000310336,2021-04-09 09:02:29,2021-04-09T08:02:29.167000Z,SEK,XSTO,XSTO,MonetaryAmount,N,12-------PH---,000041887,714.6,71,,,
249,6471,2021-04-09 09:02:29,2021-04-09T08:02:29.167000Z,SE0000310336,2021-04-09 09:02:29,2021-04-09T08:02:29.167000Z,SEK,XSTO,XSTO,MonetaryAmount,N,12-------PH---,000041888,714.6,10,,,
250,6470,2021-04-09 09:02:29,2021-04-09T08:02:29.167000Z,SE0000310336,2021-04-09 09:02:29,2021-04-09T08:02:29.167000Z,SEK,XSTO,XSTO,MonetaryAmount,N,12-------PH---,000041889,714.6,397,,,
251,6469,2021-04-09 09:02:31,2021-04-09T08:02:31.627000Z,SE0000310336,2021-04-09 09:02:31,2021-04-09T08:02:31.627000Z,SEK,XSTO,XSTO,MonetaryAmount,N,12-------PH---,000042086,714.6,254,,,
252,6468,2021-04-09 09:02:31,2021-04-09T08:02:31.643000Z,SE0000310336,2021-04-09 09:02:31,2021-04-09T08:02:31.643000Z,SEK,XSTO,XSTO,MonetaryAmount,N,12-------PH---,000042091,714.4,130,,,
253,6467,2021-04-09 09:02:33,2021-04-09T08:02:33.137000Z,SE0000310336,2021-04-09 09:02:33,2021-04-09T08:02:33.137000Z,SEK,XSTO,XSTO,MonetaryAmount,N,45-3-----PH---,F050054391,714.6,9,,,Standard Routed Trade
254,6466,2021-04-09 09:02:36,2021-04-09T08:02:36.623000Z,SE0000310336,2021-04-09 09:02:36,2021-04-09T08:02:36.623000Z,SEK,XSTO,XSTO,MonetaryAmount,N,12-------PH---,000042468,714.4,60,,,
255,6465,2021-04-09 09:02:37,2021-04-09T08:02:37.067000Z,SE0000310336,2021-04-09 09:02:37,2021-04-09T08:02:37.067000Z,SEK,XSTO,XSTO,MonetaryAmount,N,12-------PH---,000042495,714.8,90,,,
256,6464,2021-04-09 09:02:59,2021-04-09T08:02:59.173000Z,SE0000310336,2021-04-09 09:02:59,2021-04-09T08:02:59.173000Z,SEK,XSTO,XSTO,MonetaryAmount,N,12-------PH---,000044119,714.8,50,,,
257,6463,2021-04-09 09:03:01,2021-04-09T08:03:01.120000Z,SE0000310336,2021-04-09 09:03:01,2021-04-09T08:03:01.120000Z,SEK,XSTO,XSTO,MonetaryAmount,N,12-------PH---,000044289,714.6,66,,,
258,6462,2021-04-09 09:03:02,2021-04-09T08:03:02.530000Z,SE0000310336,2021-04-09 09:03:02,2021-04-09T08:03:02.530000Z,SEK,XSTO,XSTO,MonetaryAmount,N,12-------PH---,000044519,714.6,24,,,
259,6461,2021-04-09 09:03:02,2021-04-09T08:03:02.530000Z,SE0000310336,2021-04-09 09:03:02,2021-04-09T08:03:02.530000Z,SEK,XSTO,XSTO,MonetaryAmount,N,12-------PH---,000044520,714.6,25,,,
260,6460,2021-04-09 09:03:02,2021-04-09T08:03:02.530000Z,SE0000310336,2021-04-09 09:03:02,2021-04-09T08:03:02.530000Z,SEK,XSTO,XSTO,MonetaryAmount,N,12-------PH---,000044521,714.6,73,,,
261,6459,2021-04-09 09:03:09,2021-04-09T08:03:09.960000Z,SE0000310336,2021-04-09 09:03:09,2021-04-09T08:03:09.960000Z,SEK,XSTO,XSTO,MonetaryAmount,N,12-------P----,000045261,714.8,97,,,
262,6458,2021-04-09 09:03:09,2021-04-09T08:03:09.960000Z,SE0000310336,2021-04-09 09:03:09,2021-04-09T08:03:09.960000Z,SEK,XSTO,XSTO,MonetaryAmount,N,12-------PH---,000045262,714.8,7,,,
263,6457,2021-04-09 09:03:13,2021-04-09T08:03:13.577000Z,SE0000310336,2021-04-09 09:03:13,2021-04-09T08:03:13.577000Z,SEK,XSTO,XSTO,MonetaryAmount,N,12-------PH---,000045554,715.0,24,,,
264,6456,2021-04-09 09:03:13,2021-04-09T08:03:13.577000Z,SE0000310336,2021-04-09 09:03:13,2021-04-09T08:03:13.577000Z,SEK,XSTO,XSTO,MonetaryAmount,N,12-------PH---,000045555,715.0,50,,,
265,6455,2021-04-09 09:03:13,2021-04-09T08:03:13.577000Z,SE0000310336,2021-04-09 09:03:13,2021-04-09T08:03:13.577000Z,SEK,XSTO,XSTO,MonetaryAmount,N,12-------PH---,000045556,715.0,4,,,
266,6454,2021-04-09 09:03:13,2021-04-09T08:03:13.577000Z,SE0000310336,2021-04-09 09:03:13,2021-04-09T08:03:13.577000Z,SEK,XSTO,XSTO,MonetaryAmount,N,12-------PH---,000045557,715.0,17,,,
267,6453,2021-04-09 09:03:13,2021-04-09T08:03:13.577000Z,SE0000310336,2021-04-09 09:03:13,2021-04-09T08:03:13.577000Z,SEK,XSTO,XSTO,MonetaryAmount,N,12-------PH---,000045558,715.0,248,,,
268,6452,2021-04-09 09:03:13,2021-04-09T08:03:13.577000Z,SE0000310336,2021-04-09 09:03:13,2021-04-09T08:03:13.577000Z,SEK,XSTO,XSTO,MonetaryAmount,N,12-------PH---,000045559,715.0,256,,,
269,6451,2021-04-09 09:03:13,2021-04-09T08:03:13.577000Z,SE0000310336,2021-04-09 09:03:13,2021-04-09T08:03:13.577000Z,SEK,XSTO,XSTO,MonetaryAmount,N,12-------PH---,000045560,715.0,29,,,
270,6450,2021-04-09 09:03:13,2021-04-09T08:03:13.577000Z,SE0000310336,2021-04-09 09:03:13,2021-04-09T08:03:13.577000Z,SEK,XSTO,XSTO,MonetaryAmount,N,12-------PH---,000045561,715.0,20,,,
271,6449,2021-04-09 09:03:13,2021-04-09T08:03:13.577000Z,SE0000310336,2021-04-09 09:03:13,2021-04-09T08:03:13.577000Z,SEK,XSTO,XSTO,MonetaryAmount,N,12-------PH---,000045562,715.0,7,,,
272,6448,2021-04-09 09:03:13,2021-04-09T08:03:13.577000Z,SE0000310336,2021-04-09 09:03:13,2021-04-09T08:03:13.577000Z,SEK,XSTO,XSTO,MonetaryAmount,N,12-------PH---,000045563,715.0,70,,,
273,6447,2021-04-09 09:03:13,2021-04-09T08:03:13.577000Z,SE0000310336,2021-04-09 09:03:13,2021-04-09T08:03:13.577000Z,SEK,XSTO,XSTO,MonetaryAmount,N,12-------PH---,000045564,715.0,10,,,
274,6446,2021-04-09 09:03:13,2021-04-09T08:03:13.577000Z,SE0000310336,2021-04-09 09:03:13,2021-04-09T08:03:13.577000Z,SEK,XSTO,XSTO,MonetaryAmount,N,12-------PH---,000045565,715.0,10,,,
275,6445,2021-04-09 09:03:13,2021-04-09T08:03:13.577000Z,SE0000310336,2021-04-09 09:03:13,2021-04-09T08:03:13.577000Z,SEK,XSTO,XSTO,MonetaryAmount,N,12-------PH---,000045566,715.0,57,,,
276,6444,2021-04-09 09:03:13,2021-04-09T08:03:13.613000Z,SE0000310336,2021-04-09 09:03:13,2021-04-09T08:03:13.613000Z,SEK,XSTO,XSTO,MonetaryAmount,N,12-------PH---,000045580,715.0,59,,,
277,6443,2021-04-09 09:03:16,2021-04-09T08:03:16.543000Z,SE0000310336,2021-04-09 09:03:16,2021-04-09T08:03:16.543000Z,SEK,XSTO,XSTO,MonetaryAmount,N,12-------PH---,000045762,715.0,100,,,
278,6442,2021-04-09 09:03:27,2021-04-09T08:03:27.160000Z,SE0000310336,2021-04-09 09:03:27,2021-04-09T08:03:27.163000Z,SEK,XSTO,XSTO,MonetaryAmount,N,12-------PH---,000046716,714.8,1,,,
279,6441,2021-04-09 09:03:28,2021-04-09T08:03:28.113000Z,SE0000310336,2021-04-09 09:03:28,2021-04-09T08:03:28.113000Z,SEK,XSTO,XSTO,MonetaryAmount,N,12-------PH---,000046768,715.0,5,,,
280,6440,2021-04-09 09:03:32,2021-04-09T08:03:32.077000Z,SE0000310336,2021-04-09 09:03:32,2021-04-09T08:03:32.077000Z,SEK,XSTO,XSTO,MonetaryAmount,N,12-------PH---,000047057,714.6,1,,,
281,6439,2021-04-09 09:03:32,2021-04-09T08:03:32.077000Z,SE0000310336,2021-04-09 09:03:32,2021-04-09T08:03:32.077000Z,SEK,XSTO,XSTO,MonetaryAmount,N,12-------PH---,000047058,714.6,33,,,
282,6438,2021-04-09 09:03:32,2021-04-09T08:03:32.077000Z,SE0000310336,2021-04-09 09:03:32,2021-04-09T08:03:32.077000Z,SEK,XSTO,XSTO,MonetaryAmount,N,12-------PH---,000047059,714.6,300,,,
283,6437,2021-04-09 09:03:32,2021-04-09T08:03:32.077000Z,SE0000310336,2021-04-09 09:03:32,2021-04-09T08:03:32.077000Z,SEK,XSTO,XSTO,MonetaryAmount,N,12-------PH---,000047060,714.6,45,,,
284,6436,2021-04-09 09:03:32,2021-04-09T08:03:32.080000Z,SE0000310336,2021-04-09 09:03:32,2021-04-09T08:03:32.080000Z,SEK,XSTO,XSTO,MonetaryAmount,N,12-------PH---,000047061,714.4,80,,,
285,6435,2021-04-09 09:03:32,2021-04-09T08:03:32.187000Z,SE0000310336,2021-04-09 09:03:32,2021-04-09T08:03:32.187000Z,SEK,XSTO,XSTO,MonetaryAmount,N,12-------PH---,000047070,714.6,85,,,
286,6434,2021-04-09 09:03:32,2021-04-09T08:03:32.217000Z,SE0000310336,2021-04-09 09:03:32,2021-04-09T08:03:32.217000Z,SEK,XSTO,XSTO,MonetaryAmount,N,12-------PH---,000047071,714.6,5,,,
287,6433,2021-04-09 09:03:41,2021-04-09T08:03:41.277000Z,SE0000310336,2021-04-09 09:03:41,2021-04-09T08:03:41.277000Z,SEK,XSTO,XSTO,MonetaryAmount,N,12-------PH---,000047895,714.6,90,,,
288,6432,2021-04-09 09:03:41,2021-04-09T08:03:41.277000Z,SE0000310336,2021-04-09 09:03:41,2021-04-09T08:03:41.277000Z,SEK,XSTO,XSTO,MonetaryAmount,N,12-------PH---,000047896,714.6,38,,,
289,6431,2021-04-09 09:03:41,2021-04-09T08:03:41.300000Z,SE0000310336,2021-04-09 09:03:41,2021-04-09T08:03:41.297000Z,SEK,XSTO,XSTO,MonetaryAmount,N,45-3-----PH---,F050061161,714.6,125,,,Standard Routed Trade
290,6430,2021-04-09 09:03:41,2021-04-09T08:03:41.300000Z,SE0000310336,2021-04-09 09:03:41,2021-04-09T08:03:41.300000Z,SEK,XSTO,XSTO,MonetaryAmount,N,45-3-----PH---,F050061162,714.6,2,,,Standard Routed Trade
291,6429,2021-04-09 09:03:41,2021-04-09T08:03:41.300000Z,SE0000310336,2021-04-09 09:03:41,2021-04-09T08:03:41.300000Z,SEK,XSTO,XSTO,MonetaryAmount,N,12-------PH---,000047897,714.6,90,,,
292,6428,2021-04-09 09:03:41,2021-04-09T08:03:41.300000Z,SE0000310336,2021-04-09 09:03:41,2021-04-09T08:03:41.300000Z,SEK,XSTO,XSTO,MonetaryAmount,N,12-------PH---,000047898,715.0,85,,,
293,6427,2021-04-09 09:03:41,2021-04-09T08:03:41.300000Z,SE0000310336,2021-04-09 09:03:41,2021-04-09T08:03:41.300000Z,SEK,XSTO,XSTO,MonetaryAmount,N,12-------PH---,000047899,715.0,41,,,
294,6426,2021-04-09 09:03:41,2021-04-09T08:03:41.300000Z,SE0000310336,2021-04-09 09:03:41,2021-04-09T08:03:41.300000Z,SEK,XSTO,XSTO,MonetaryAmount,N,12-------PH---,000047900,715.0,100,,,
295,6425,2021-04-09 09:03:41,2021-04-09T08:03:41.300000Z,SE0000310336,2021-04-09 09:03:41,2021-04-09T08:03:41.300000Z,SEK,XSTO,XSTO,MonetaryAmount,N,12-------PH---,000047901,715.0,29,,,
296,6424,2021-04-09 09:03:46,2021-04-09T08:03:46.263000Z,SE0000310336,2021-04-09 09:03:46,2021-04-09T08:03:46.263000Z,SEK,XSTO,XSTO,MonetaryAmount,N,12-------PH---,000048193,715.0,2,,,
297,6423,2021-04-09 09:04:00,2021-04-09T08:04:00.993000Z,SE0000310336,2021-04-09 09:04:00,2021-04-09T08:04:00.993000Z,SEK,XSTO,XSTO,MonetaryAmount,N,12-------PH---,000049270,714.4,17,,,
298,6422,2021-04-09 09:04:00,2021-04-09T08:04:00.993000Z,SE0000310336,2021-04-09 09:04:00,2021-04-09T08:04:00.993000Z,SEK,XSTO,XSTO,MonetaryAmount,N,12-------PH---,000049271,714.4,73,,,
299,6421,2021-04-09 09:04:11,2021-04-09T08:04:11.447000Z,SE0000310336,2021-04-09 09:04:11,2021-04-09T08:04:11.447000Z,SEK,XSTO,XSTO,MonetaryAmount,N,12-------PH---,000050093,714.2,100,,,
300,6420,2021-04-09 09:04:11,2021-04-09T08:04:11.447000Z,SE0000310336,2021-04-09 09:04:11,2021-04-09T08:04:11.447000Z,SEK,XSTO,XSTO,MonetaryAmount,N,12-------PH---,000050094,714.2,90,,,
301,6419,2021-04-09 09:04:11,2021-04-09T08:04:11.447000Z,SE0000310336,2021-04-09 09:04:11,2021-04-09T08:04:11.447000Z,SEK,XSTO,XSTO,MonetaryAmount,N,12-------PH---,000050095,714.2,5,,,
302,6418,2021-04-09 09:04:11,2021-04-09T08:04:11.473000Z,SE0000310336,2021-04-09 09:04:11,2021-04-09T08:04:11.473000Z,SEK,XSTO,XSTO,MonetaryAmount,N,12-------PH---,000050103,714.2,90,,,
303,6417,2021-04-09 09:04:13,2021-04-09T08:04:13.127000Z,SE0000310336,2021-04-09 09:04:13,2021-04-09T08:04:13.127000Z,SEK,XSTO,XSTO,MonetaryAmount,N,12-------PH---,000050219,714.4,100,,,
304,6416,2021-04-09 09:04:20,2021-04-09T08:04:20.633000Z,SE0000310336,2021-04-09 09:04:20,2021-04-09T08:04:20.633000Z,SEK,XSTO,XSTO,MonetaryAmount,N,12-------PH---,000050730,714.6,75,,,
305,6415,2021-04-09 09:04:21,2021-04-09T08:04:21.727000Z,SE0000310336,2021-04-09 09:04:21,2021-04-09T08:04:21.727000Z,SEK,XSTO,XSTO,MonetaryAmount,N,12-------PH---,000050850,714.6,15,,,
306,6414,2021-04-09 09:04:21,2021-04-09T08:04:21.727000Z,SE0000310336,2021-04-09 09:04:21,2021-04-09T08:04:21.727000Z,SEK,XSTO,XSTO,MonetaryAmount,N,12-------PH---,000050851,714.6,28,,,
307,6413,2021-04-09 09:04:21,2021-04-09T08:04:21.727000Z,SE0000310336,2021-04-09 09:04:21,2021-04-09T08:04:21.727000Z,SEK,XSTO,XSTO,MonetaryAmount,N,12-------PH---,000050852,714.6,237,,,
308,6412,2021-04-09 09:04:31,2021-04-09T08:04:31.150000Z,SE0000310336,2021-04-09 09:04:31,2021-04-09T08:04:31.150000Z,SEK,XSTO,XSTO,MonetaryAmount,N,12-------PH---,000051667,714.6,47,,,
309,6411,2021-04-09 09:04:31,2021-04-09T08:04:31.150000Z,SE0000310336,2021-04-09 09:04:31,2021-04-09T08:04:31.150000Z,SEK,XSTO,XSTO,MonetaryAmount,N,12-------PH---,000051668,714.6,129,,,
310,6410,2021-04-09 09:04:39,2021-04-09T08:04:39.677000Z,SE0000310336,2021-04-09 09:04:39,2021-04-09T08:04:39.677000Z,SEK,XSTO,XSTO,MonetaryAmount,N,12-------PH---,000052086,715.2,3,,,
311,6409,2021-04-09 09:04:39,2021-04-09T08:04:39.677000Z,SE0000310336,2021-04-09 09:04:39,2021-04-09T08:04:39.677000Z,SEK,XSTO,XSTO,MonetaryAmount,N,12-------PH---,000052087,715.2,41,,,
312,6408,2021-04-09 09:04:39,2021-04-09T08:04:39.677000Z,SE0000310336,2021-04-09 09:04:39,2021-04-09T08:04:39.677000Z,SEK,XSTO,XSTO,MonetaryAmount,N,12-------PH---,000052088,715.2,2,,,
313,6407,2021-04-09 09:04:42,2021-04-09T08:04:42.533000Z,SE0000310336,2021-04-09 09:04:42,2021-04-09T08:04:42.533000Z,SEK,XSTO,XSTO,MonetaryAmount,N,12-------PH---,000052315,715.0,1,,,
314,6406,2021-04-09 09:04:56,2021-04-09T08:04:56.913000Z,SE0000310336,2021-04-09 09:04:56,2021-04-09T08:04:56.913000Z,SEK,XSTO,XSTO,MonetaryAmount,N,12-------PH---,000053309,715.2,2,,,
315,6405,2021-04-09 09:05:08,2021-04-09T08:05:08.640000Z,SE0000310336,2021-04-09 09:05:08,2021-04-09T08:05:08.640000Z,SEK,XSTO,XSTO,MonetaryAmount,N,12-------PH---,000054225,715.0,90,,,
316,6404,2021-04-09 09:05:16,2021-04-09T08:05:16.627000Z,SE0000310336,2021-04-09 09:05:16,2021-04-09T08:05:16.627000Z,SEK,XSTO,XSTO,MonetaryAmount,N,12-------PH---,000055042,715.0,17,,,
317,6403,2021-04-09 09:05:16,2021-04-09T08:05:16.627000Z,SE0000310336,2021-04-09 09:05:16,2021-04-09T08:05:16.627000Z,SEK,XSTO,XSTO,MonetaryAmount,N,12-------PH---,000055043,715.0,9,,,
318,6402,2021-04-09 09:05:32,2021-04-09T08:05:32.967000Z,SE0000310336,2021-04-09 09:05:32,2021-04-09T08:05:32.967000Z,SEK,XSTO,XSTO,MonetaryAmount,N,12-------PH---,000056327,715.2,9,,,
319,6401,2021-04-09 09:05:32,2021-04-09T08:05:32.967000Z,SE0000310336,2021-04-09 09:05:32,2021-04-09T08:05:32.967000Z,SEK,XSTO,XSTO,MonetaryAmount,N,12-------PH---,000056328,715.2,60,,,
320,6400,2021-04-09 09:05:35,2021-04-09T08:05:35.040000Z,SE0000310336,2021-04-09 09:05:35,2021-04-09T08:05:35.040000Z,SEK,XSTO,XSTO,MonetaryAmount,N,12-------PH---,000056499,715.2,10,,,
321,6399,2021-04-09 09:05:42,2021-04-09T08:05:42.753000Z,SE0000310336,2021-04-09 09:05:42,2021-04-09T08:05:42.753000Z,SEK,XSTO,XSTO,MonetaryAmount,N,12-------PH---,000057325,715.2,63,,,
322,6398,2021-04-09 09:05:42,2021-04-09T08:05:42.753000Z,SE0000310336,2021-04-09 09:05:42,2021-04-09T08:05:42.753000Z,SEK,XSTO,XSTO,MonetaryAmount,N,12-------P----,000057326,715.2,4,,,
323,6397,2021-04-09 09:05:42,2021-04-09T08:05:42.773000Z,SE0000310336,2021-04-09 09:05:42,2021-04-09T08:05:42.773000Z,SEK,XSTO,XSTO,MonetaryAmount,N,12-------PH---,000057328,715.2,2,,,
324,6396,2021-04-09 09:05:44,2021-04-09T08:05:44.607000Z,SE0000310336,2021-04-09 09:05:44,2021-04-09T08:05:44.607000Z,SEK,XSTO,XSTO,MonetaryAmount,N,12-------PH---,000057506,715.4,90,,,
325,6395,2021-04-09 09:05:44,2021-04-09T08:05:44.607000Z,SE0000310336,2021-04-09 09:05:44,2021-04-09T08:05:44.607000Z,SEK,XSTO,XSTO,MonetaryAmount,N,12-------PH---,000057507,715.6,1,,,
326,6394,2021-04-09 09:05:44,2021-04-09T08:05:44.607000Z,SE0000310336,2021-04-09 09:05:44,2021-04-09T08:05:44.607000Z,SEK,XSTO,XSTO,MonetaryAmount,N,12-------PH---,000057508,715.6,90,,,
327,6393,2021-04-09 09:05:44,2021-04-09T08:05:44.607000Z,SE0000310336,2021-04-09 09:05:44,2021-04-09T08:05:44.607000Z,SEK,XSTO,XSTO,MonetaryAmount,N,12-------PH---,000057509,715.6,48,,,
328,6392,2021-04-09 09:05:50,2021-04-09T08:05:50.227000Z,SE0000310336,2021-04-09 09:05:50,2021-04-09T08:05:50.227000Z,SEK,XSTO,XSTO,MonetaryAmount,N,12-------PH---,000057915,715.4,100,,,
329,6391,2021-04-09 09:05:50,2021-04-09T08:05:50.227000Z,SE0000310336,2021-04-09 09:05:50,2021-04-09T08:05:50.227000Z,SEK,XSTO,XSTO,MonetaryAmount,N,12-------PH---,000057916,715.4,38,,,
330,6390,2021-04-09 09:05:54,2021-04-09T08:05:54.217000Z,SE0000310336,2021-04-09 09:05:54,2021-04-09T08:05:54.217000Z,SEK,XSTO,XSTO,MonetaryAmount,N,12-------PH---,000058176,715.4,90,,,
331,6389,2021-04-09 09:05:54,2021-04-09T08:05:54.217000Z,SE0000310336,2021-04-09 09:05:54,2021-04-09T08:05:54.217000Z,SEK,XSTO,XSTO,MonetaryAmount,N,12-------PH---,000058177,715.4,10,,,
332,6388,2021-04-09 09:05:54,2021-04-09T08:05:54.237000Z,SE0000310336,2021-04-09 09:05:54,2021-04-09T08:05:54.237000Z,SEK,XSTO,XSTO,MonetaryAmount,N,12-------PH---,000058178,715.4,21,,,
333,6387,2021-04-09 09:05:59,2021-04-09T08:05:59.040000Z,SE0000310336,2021-04-09 09:05:59,2021-04-09T08:05:59.040000Z,SEK,XSTO,XSTO,MonetaryAmount,N,12-------PH---,000058519,715.0,90,,,
334,6386,2021-04-09 09:05:59,2021-04-09T08:05:59.040000Z,SE0000310336,2021-04-09 09:05:59,2021-04-09T08:05:59.040000Z,SEK,XSTO,XSTO,MonetaryAmount,N,12-------PH---,000058520,715.0,38,,,
335,6385,2021-04-09 09:05:59,2021-04-09T08:05:59.050000Z,SE0000310336,2021-04-09 09:05:59,2021-04-09T08:05:59.050000Z,SEK,XSTO,XSTO,MonetaryAmount,N,45-3-----PH---,F050073176,715.2,46,,,Standard Routed Trade
336,6384,2021-04-09 09:05:59,2021-04-09T08:05:59.050000Z,SE0000310336,2021-04-09 09:05:59,2021-04-09T08:05:59.050000Z,SEK,XSTO,XSTO,MonetaryAmount,N,45-3-----PH---,F050073177,715.2,46,,,Standard Routed Trade
337,6383,2021-04-09 09:05:59,2021-04-09T08:05:59.050000Z,SE0000310336,2021-04-09 09:05:59,2021-04-09T08:05:59.050000Z,SEK,XSTO,XSTO,MonetaryAmount,N,45-3-----PH---,F050073180,715.2,45,,,Standard Routed Trade
338,6382,2021-04-09 09:05:59,2021-04-09T08:05:59.057000Z,SE0000310336,2021-04-09 09:05:59,2021-04-09T08:05:59.057000Z,SEK,XSTO,XSTO,MonetaryAmount,N,12-------PH---,000058523,715.0,2,,,
339,6381,2021-04-09 09:05:59,2021-04-09T08:05:59.060000Z,SE0000310336,2021-04-09 09:05:59,2021-04-09T08:05:59.060000Z,SEK,XSTO,XSTO,MonetaryAmount,N,12-------PH---,000058524,715.0,50,,,
340,6380,2021-04-09 09:05:59,2021-04-09T08:05:59.070000Z,SE0000310336,2021-04-09 09:05:59,2021-04-09T08:05:59.070000Z,SEK,XSTO,XSTO,MonetaryAmount,N,12-------PH---,000058527,715.0,390,,,
341,6379,2021-04-09 09:05:59,2021-04-09T08:05:59.070000Z,SE0000310336,2021-04-09 09:05:59,2021-04-09T08:05:59.070000Z,SEK,XSTO,XSTO,MonetaryAmount,N,12-------PH---,000058528,715.0,250,,,
342,6378,2021-04-09 09:05:59,2021-04-09T08:05:59.070000Z,SE0000310336,2021-04-09 09:05:59,2021-04-09T08:05:59.070000Z,SEK,XSTO,XSTO,MonetaryAmount,N,12-------PH---,000058529,715.0,43,,,
343,6377,2021-04-09 09:06:02,2021-04-09T08:06:02.180000Z,SE0000310336,2021-04-09 09:06:02,2021-04-09T08:06:02.180000Z,SEK,XSTO,XSTO,MonetaryAmount,N,12-------PH---,000058726,715.2,90,,,
344,6376,2021-04-09 09:06:02,2021-04-09T08:06:02.180000Z,SE0000310336,2021-04-09 09:06:02,2021-04-09T08:06:02.180000Z,SEK,XSTO,XSTO,MonetaryAmount,N,12-------PH---,000058727,715.2,38,,,
345,6375,2021-04-09 09:06:02,2021-04-09T08:06:02.180000Z,SE0000310336,2021-04-09 09:06:02,2021-04-09T08:06:02.183000Z,SEK,XSTO,XSTO,MonetaryAmount,N,12-------PH---,000058728,715.2,62,,,
346,6374,2021-04-09 09:06:02,2021-04-09T08:06:02.290000Z,SE0000310336,2021-04-09 09:06:02,2021-04-09T08:06:02.290000Z,SEK,XSTO,XSTO,MonetaryAmount,N,12-------P----,000058737,715.0,45,,,
347,6373,2021-04-09 09:06:02,2021-04-09T08:06:02.667000Z,SE0000310336,2021-04-09 09:06:02,2021-04-09T08:06:02.667000Z,SEK,XSTO,XSTO,MonetaryAmount,N,12-------PH---,000058812,715.4,1,,,
348,6372,2021-04-09 09:06:05,2021-04-09T08:06:05.393000Z,SE0000310336,2021-04-09 09:06:05,2021-04-09T08:06:05.393000Z,SEK,XSTO,XSTO,MonetaryAmount,N,12-------P----,000059093,715.0,8,,,
349,6371,2021-04-09 09:06:05,2021-04-09T08:06:05.393000Z,SE0000310336,2021-04-09 09:06:05,2021-04-09T08:06:05.393000Z,SEK,XSTO,XSTO,MonetaryAmount,N,12-------PH---,000059094,715.0,107,,,
350,6370,2021-04-09 09:06:06,2021-04-09T08:06:06.900000Z,SE0000310336,2021-04-09 09:06:06,2021-04-09T08:06:06.900000Z,SEK,XSTO,XSTO,MonetaryAmount,N,12-------PH---,000059168,715.0,86,,,
351,6369,2021-04-09 09:06:06,2021-04-09T08:06:06.900000Z,SE0000310336,2021-04-09 09:06:06,2021-04-09T08:06:06.900000Z,SEK,XSTO,XSTO,MonetaryAmount,N,12-------PH---,000059169,715.0,14,,,
352,6368,2021-04-09 09:06:06,2021-04-09T08:06:06.917000Z,SE0000310336,2021-04-09 09:06:06,2021-04-09T08:06:06.917000Z,SEK,XSTO,XSTO,MonetaryAmount,N,12-------PH---,000059174,714.8,90,,,
353,6367,2021-04-09 09:06:06,2021-04-09T08:06:06.917000Z,SE0000310336,2021-04-09 09:06:06,2021-04-09T08:06:06.917000Z,SEK,XSTO,XSTO,MonetaryAmount,N,12-------PH---,000059175,714.8,33,,,
354,6366,2021-04-09 09:06:08,2021-04-09T08:06:08.493000Z,SE0000310336,2021-04-09 09:06:08,2021-04-09T08:06:08.493000Z,SEK,XSTO,XSTO,MonetaryAmount,N,12-------PH---,000059314,715.0,9,,,
355,6365,2021-04-09 09:06:13,2021-04-09T08:06:13.790000Z,SE0000310336,2021-04-09 09:06:13,2021-04-09T08:06:13.790000Z,SEK,XSTO,XSTO,MonetaryAmount,N,12-------PH---,000059673,714.8,1,,,
356,6364,2021-04-09 09:06:13,2021-04-09T08:06:13.790000Z,SE0000310336,2021-04-09 09:06:13,2021-04-09T08:06:13.790000Z,SEK,XSTO,XSTO,MonetaryAmount,N,12-------PH---,000059674,714.6,39,,,
357,6363,2021-04-09 09:06:15,2021-04-09T08:06:15.957000Z,SE0000310336,2021-04-09 09:06:15,2021-04-09T08:06:15.957000Z,SEK,XSTO,XSTO,MonetaryAmount,N,12-------PH---,000059813,714.8,6,,,
358,6362,2021-04-09 09:06:20,2021-04-09T08:06:20.427000Z,SE0000310336,2021-04-09 09:06:20,2021-04-09T08:06:20.427000Z,SEK,XSTO,XSTO,MonetaryAmount,N,12-------PH---,000060107,714.8,1,,,
359,6361,2021-04-09 09:06:23,2021-04-09T08:06:23.373000Z,SE0000310336,2021-04-09 09:06:23,2021-04-09T08:06:23.373000Z,SEK,XSTO,XSTO,MonetaryAmount,N,12-------PH---,000060330,714.8,6,,,
360,6360,2021-04-09 09:06:23,2021-04-09T08:06:23.373000Z,SE0000310336,2021-04-09 09:06:23,2021-04-09T08:06:23.373000Z,SEK,XSTO,XSTO,MonetaryAmount,N,12-------PH---,000060331,714.8,37,,,
361,6359,2021-04-09 09:06:23,2021-04-09T08:06:23.373000Z,SE0000310336,2021-04-09 09:06:23,2021-04-09T08:06:23.373000Z,SEK,XSTO,XSTO,MonetaryAmount,N,12-------PH---,000060332,714.8,44,,,
362,6358,2021-04-09 09:06:23,2021-04-09T08:06:23.957000Z,SE0000310336,2021-04-09 09:06:23,2021-04-09T08:06:23.957000Z,SEK,XSTO,XSTO,MonetaryAmount,N,12-------PH---,000060361,715.0,34,,,
363,6357,2021-04-09 09:06:23,2021-04-09T08:06:23.957000Z,SE0000310336,2021-04-09 09:06:23,2021-04-09T08:06:23.957000Z,SEK,XSTO,XSTO,MonetaryAmount,N,12-------PH---,000060362,715.0,34,,,
364,6356,2021-04-09 09:06:34,2021-04-09T08:06:34.203000Z,SE0000310336,2021-04-09 09:06:34,2021-04-09T08:06:34.203000Z,SEK,XSTO,XSTO,MonetaryAmount,N,12-------PH---,000061071,715.0,1,,,
365,6355,2021-04-09 09:06:34,2021-04-09T08:06:34.213000Z,SE0000310336,2021-04-09 09:06:34,2021-04-09T08:06:34.213000Z,SEK,XSTO,XSTO,MonetaryAmount,N,45-3-----PH---,F050075866,715.0,39,,,Standard Routed Trade
366,6354,2021-04-09 09:06:36,2021-04-09T08:06:36.640000Z,SE0000310336,2021-04-09 09:06:36,2021-04-09T08:06:36.640000Z,SEK,XSTO,XSTO,MonetaryAmount,N,45-3-----PH---,F050076052,715.0,125,,,Standard Routed Trade
367,6353,2021-04-09 09:06:36,2021-04-09T08:06:36.640000Z,SE0000310336,2021-04-09 09:06:36,2021-04-09T08:06:36.640000Z,SEK,XSTO,XSTO,MonetaryAmount,N,45-3-----PH---,F050076053,715.0,60,,,Standard Routed Trade
368,6352,2021-04-09 09:06:36,2021-04-09T08:06:36.640000Z,SE0000310336,2021-04-09 09:06:36,2021-04-09T08:06:36.640000Z,SEK,XSTO,XSTO,MonetaryAmount,N,45-3-----PH---,F050076054,715.0,50,,,Standard Routed Trade
369,6351,2021-04-09 09:06:44,2021-04-09T08:06:44.123000Z,SE0000310336,2021-04-09 09:06:44,2021-04-09T08:06:44.123000Z,SEK,XSTO,XSTO,MonetaryAmount,N,12-------PH---,000061667,714.8,89,,,
370,6350,2021-04-09 09:07:00,2021-04-09T08:07:00.037000Z,SE0000310336,2021-04-09 09:07:00,2021-04-09T08:07:00.037000Z,SEK,XSTO,XSTO,MonetaryAmount,N,12-------PH---,000062796,714.8,90,,,
371,6349,2021-04-09 09:07:00,2021-04-09T08:07:00.183000Z,SE0000310336,2021-04-09 09:07:00,2021-04-09T08:07:00.183000Z,SEK,XSTO,XSTO,MonetaryAmount,N,12-------PH---,000062805,715.0,27,,,
372,6348,2021-04-09 09:07:00,2021-04-09T08:07:00.183000Z,SE0000310336,2021-04-09 09:07:00,2021-04-09T08:07:00.183000Z,SEK,XSTO,XSTO,MonetaryAmount,N,12-------PH---,000062806,715.0,838,,,
373,6347,2021-04-09 09:07:00,2021-04-09T08:07:00.183000Z,SE0000310336,2021-04-09 09:07:00,2021-04-09T08:07:00.183000Z,SEK,XSTO,XSTO,MonetaryAmount,N,12-------PH---,000062807,715.0,14,,,
374,6346,2021-04-09 09:07:01,2021-04-09T08:07:01.910000Z,SE0000310336,2021-04-09 09:07:01,2021-04-09T08:07:01.910000Z,SEK,XSTO,XSTO,MonetaryAmount,N,12-------PH---,000062878,715.0,47,,,
375,6345,2021-04-09 09:07:10,2021-04-09T08:07:10.300000Z,SE0000310336,2021-04-09 09:07:10,2021-04-09T08:07:10.300000Z,SEK,XSTO,XSTO,MonetaryAmount,N,12-------PH---,000063374,715.0,10,,,
376,6344,2021-04-09 09:07:21,2021-04-09T08:07:21.883000Z,SE0000310336,2021-04-09 09:07:21,2021-04-09T08:07:21.883000Z,SEK,XSTO,XSTO,MonetaryAmount,N,12-------PH---,000064301,715.0,1,,,
377,6343,2021-04-09 09:07:21,2021-04-09T08:07:21.883000Z,SE0000310336,2021-04-09 09:07:21,2021-04-09T08:07:21.883000Z,SEK,XSTO,XSTO,MonetaryAmount,N,12-------PH---,000064302,715.0,43,,,
378,6342,2021-04-09 09:07:21,2021-04-09T08:07:21.893000Z,SE0000310336,2021-04-09 09:07:21,2021-04-09T08:07:21.893000Z,SEK,XSTO,XSTO,MonetaryAmount,N,45-3-----PH---,F050079757,715.0,2,,,Standard Routed Trade
379,6341,2021-04-09 09:07:26,2021-04-09T08:07:26.417000Z,SE0000310336,2021-04-09 09:07:26,2021-04-09T08:07:26.417000Z,SEK,XSTO,XSTO,MonetaryAmount,N,12-------PH---,000064575,715.0,55,,,
380,6340,2021-04-09 09:07:35,2021-04-09T08:07:35.823000Z,SE0000310336,2021-04-09 09:07:35,2021-04-09T08:07:35.823000Z,SEK,XSTO,XSTO,MonetaryAmount,N,12-------PH---,000065149,715.0,20,,,
381,6339,2021-04-09 09:07:35,2021-04-09T08:07:35.823000Z,SE0000310336,2021-04-09 09:07:35,2021-04-09T08:07:35.823000Z,SEK,XSTO,XSTO,MonetaryAmount,N,12-------PH---,000065150,715.0,679,,,
382,6338,2021-04-09 09:07:35,2021-04-09T08:07:35.823000Z,SE0000310336,2021-04-09 09:07:35,2021-04-09T08:07:35.823000Z,SEK,XSTO,XSTO,MonetaryAmount,N,12-------PH---,000065151,715.0,125,,,
383,6337,2021-04-09 09:07:35,2021-04-09T08:07:35.847000Z,SE0000310336,2021-04-09 09:07:35,2021-04-09T08:07:35.847000Z,SEK,XSTO,XSTO,MonetaryAmount,N,12-------PH---,000065152,715.0,90,,,
384,6336,2021-04-09 09:07:40,2021-04-09T08:07:40.907000Z,SE0000310336,2021-04-09 09:07:40,2021-04-09T08:07:40.907000Z,SEK,XSTO,XSTO,MonetaryAmount,N,12-------PH---,000065476,715.0,9,,,
385,6335,2021-04-09 09:07:48,2021-04-09T08:07:48.070000Z,SE0000310336,2021-04-09 09:07:48,2021-04-09T08:07:48.070000Z,SEK,XSTO,XSTO,MonetaryAmount,N,12-------PH---,000065830,715.0,7,,,
386,6334,2021-04-09 09:07:55,2021-04-09T08:07:55.543000Z,SE0000310336,2021-04-09 09:07:55,2021-04-09T08:07:55.543000Z,SEK,XSTO,XSTO,MonetaryAmount,N,12-------PH---,000066271,715.0,1,,,
387,6333,2021-04-09 09:07:57,2021-04-09T08:07:57.287000Z,SE0000310336,2021-04-09 09:07:57,2021-04-09T08:07:57.287000Z,SEK,XSTO,XSTO,MonetaryAmount,N,12-------PH---,000066387,715.0,117,,,
388,6332,2021-04-09 09:07:57,2021-04-09T08:07:57.313000Z,SE0000310336,2021-04-09 09:07:57,2021-04-09T08:07:57.313000Z,SEK,XSTO,XSTO,MonetaryAmount,N,12-------P----,000066390,715.0,27,,,
389,6331,2021-04-09 09:08:01,2021-04-09T08:08:01.063000Z,SE0000310336,2021-04-09 09:08:01,2021-04-09T08:08:01.063000Z,SEK,XSTO,XSTO,MonetaryAmount,N,12-------PH---,000066609,715.0,10,,,
390,6330,2021-04-09 09:08:03,2021-04-09T08:08:03.107000Z,SE0000310336,2021-04-09 09:08:03,2021-04-09T08:08:03.107000Z,SEK,XSTO,XSTO,MonetaryAmount,N,12-------PH---,000066737,715.2,1,,,
391,6329,2021-04-09 09:08:03,2021-04-09T08:08:03.127000Z,SE0000310336,2021-04-09 09:08:03,2021-04-09T08:08:03.127000Z,SEK,XSTO,XSTO,MonetaryAmount,N,12-------PH---,000066738,715.0,23,,,
392,6328,2021-04-09 09:08:03,2021-04-09T08:08:03.127000Z,SE0000310336,2021-04-09 09:08:03,2021-04-09T08:08:03.127000Z,SEK,XSTO,XSTO,MonetaryAmount,N,12-------PH---,000066739,715.0,100,,,
393,6327,2021-04-09 09:08:03,2021-04-09T08:08:03.937000Z,SE0000310336,2021-04-09 09:08:03,2021-04-09T08:08:03.937000Z,SEK,XSTO,XSTO,MonetaryAmount,N,12-------PH---,000066797,715.0,5,,,
394,6326,2021-04-09 09:08:06,2021-04-09T08:08:06.987000Z,SE0000310336,2021-04-09 09:08:06,2021-04-09T08:08:06.987000Z,SEK,XSTO,XSTO,MonetaryAmount,N,12-------PH---,000067055,715.0,90,,,
395,6325,2021-04-09 09:08:06,2021-04-09T08:08:06.987000Z,SE0000310336,2021-04-09 09:08:06,2021-04-09T08:08:06.987000Z,SEK,XSTO,XSTO,MonetaryAmount,N,12-------PH---,000067056,715.2,15,,,
396,6324,2021-04-09 09:08:12,2021-04-09T08:08:12.113000Z,SE0000310336,2021-04-09 09:08:12,2021-04-09T08:08:12.113000Z,SEK,XSTO,XSTO,MonetaryAmount,N,45-3-----PH---,F050083431,715.0,10,,,Standard Routed Trade
397,6323,2021-04-09 09:08:26,2021-04-09T08:08:26.070000Z,SE0000310336,2021-04-09 09:08:26,2021-04-09T08:08:26.070000Z,SEK,XSTO,XSTO,MonetaryAmount,N,12-------PH---,000068410,715.2,1,,,
398,6322,2021-04-09 09:08:26,2021-04-09T08:08:26.070000Z,SE0000310336,2021-04-09 09:08:26,2021-04-09T08:08:26.070000Z,SEK,XSTO,XSTO,MonetaryAmount,N,12-------PH---,000068411,715.2,29,,,
399,6321,2021-04-09 09:08:26,2021-04-09T08:08:26.070000Z,SE0000310336,2021-04-09 09:08:26,2021-04-09T08:08:26.070000Z,SEK,XSTO,XSTO,MonetaryAmount,N,12-------PH---,000068412,715.2,98,,,
400,6320,2021-04-09 09:08:26,2021-04-09T08:08:26.070000Z,SE0000310336,2021-04-09 09:08:26,2021-04-09T08:08:26.070000Z,SEK,XSTO,XSTO,MonetaryAmount,N,12-------PH---,000068413,715.2,10,,,
401,6319,2021-04-09 09:08:45,2021-04-09T08:08:45.977000Z,SE0000310336,2021-04-09 09:08:45,2021-04-09T08:08:45.977000Z,SEK,XSTO,XSTO,MonetaryAmount,N,12-------PH---,000069799,715.2,1,,,
402,6318,2021-04-09 09:08:45,2021-04-09T08:08:45.993000Z,SE0000310336,2021-04-09 09:08:45,2021-04-09T08:08:45.993000Z,SEK,XSTO,XSTO,MonetaryAmount,N,12-------PH---,000069800,715.2,28,,,
403,6317,2021-04-09 09:09:04,2021-04-09T08:09:04.790000Z,SE0000310336,2021-04-09 09:09:04,2021-04-09T08:09:04.790000Z,SEK,XSTO,XSTO,MonetaryAmount,N,12-------PH---,000071746,715.2,14,,,
404,6316,2021-04-09 09:09:04,2021-04-09T08:09:04.790000Z,SE0000310336,2021-04-09 09:09:04,2021-04-09T08:09:04.790000Z,SEK,XSTO,XSTO,MonetaryAmount,N,12-------PH---,000071747,715.2,33,,,
405,6315,2021-04-09 09:09:04,2021-04-09T08:09:04.790000Z,SE0000310336,2021-04-09 09:09:04,2021-04-09T08:09:04.790000Z,SEK,XSTO,XSTO,MonetaryAmount,N,12-------PH---,000071748,715.2,1,,,
406,6314,2021-04-09 09:09:05,2021-04-09T08:09:05.410000Z,SE0000310336,2021-04-09 09:09:05,2021-04-09T08:09:05.410000Z,SEK,XSTO,XSTO,MonetaryAmount,N,12-------P----,000071809,715.0,3,,,
407,6313,2021-04-09 09:09:05,2021-04-09T08:09:05.410000Z,SE0000310336,2021-04-09 09:09:05,2021-04-09T08:09:05.410000Z,SEK,XSTO,XSTO,MonetaryAmount,N,12-------P----,000071810,715.0,5,,,
408,6312,2021-04-09 09:09:05,2021-04-09T08:09:05.410000Z,SE0000310336,2021-04-09 09:09:05,2021-04-09T08:09:05.410000Z,SEK,XSTO,XSTO,MonetaryAmount,N,12-------PH---,000071811,715.0,112,,,
409,6311,2021-04-09 09:09:05,2021-04-09T08:09:05.410000Z,SE0000310336,2021-04-09 09:09:05,2021-04-09T08:09:05.410000Z,SEK,XSTO,XSTO,MonetaryAmount,N,12-------PH---,000071812,715.0,17,,,
410,6310,2021-04-09 09:09:05,2021-04-09T08:09:05.607000Z,SE0000310336,2021-04-09 09:09:05,2021-04-09T08:09:05.607000Z,SEK,XSTO,XSTO,MonetaryAmount,N,12-------PH---,000071825,714.8,31,,,
411,6309,2021-04-09 09:09:05,2021-04-09T08:09:05.607000Z,SE0000310336,2021-04-09 09:09:05,2021-04-09T08:09:05.607000Z,SEK,XSTO,XSTO,MonetaryAmount,N,12-------PH---,000071826,714.8,3,,,
412,6308,2021-04-09 09:09:05,2021-04-09T08:09:05.607000Z,SE0000310336,2021-04-09 09:09:05,2021-04-09T08:09:05.607000Z,SEK,XSTO,XSTO,MonetaryAmount,N,12-------PH---,000071827,714.8,1,,,
413,6307,2021-04-09 09:09:06,2021-04-09T08:09:06.020000Z,SE0000310336,2021-04-09 09:09:06,2021-04-09T08:09:06.020000Z,SEK,XSTO,XSTO,MonetaryAmount,N,12-------PH---,000071859,714.6,80,,,
414,6306,2021-04-09 09:09:06,2021-04-09T08:09:06.020000Z,SE0000310336,2021-04-09 09:09:06,2021-04-09T08:09:06.020000Z,SEK,XSTO,XSTO,MonetaryAmount,N,12-------PH---,000071860,714.6,3,,,
415,6305,2021-04-09 09:09:06,2021-04-09T08:09:06.050000Z,SE0000310336,2021-04-09 09:09:06,2021-04-09T08:09:06.050000Z,SEK,XSTO,XSTO,MonetaryAmount,N,12-------PH---,000071861,714.4,1,,,
416,6304,2021-04-09 09:09:06,2021-04-09T08:09:06.050000Z,SE0000310336,2021-04-09 09:09:06,2021-04-09T08:09:06.050000Z,SEK,XSTO,XSTO,MonetaryAmount,N,12-------PH---,000071862,714.4,5,,,
417,6303,2021-04-09 09:09:07,2021-04-09T08:09:07.120000Z,SE0000310336,2021-04-09 09:09:07,2021-04-09T08:09:07.120000Z,SEK,XSTO,XSTO,MonetaryAmount,N,12-------PH---,000071962,714.2,5,,,
418,6302,2021-04-09 09:09:07,2021-04-09T08:09:07.120000Z,SE0000310336,2021-04-09 09:09:07,2021-04-09T08:09:07.120000Z,SEK,XSTO,XSTO,MonetaryAmount,N,12-------PH---,000071963,714.2,100,,,
419,6301,2021-04-09 09:09:12,2021-04-09T08:09:12.873000Z,SE0000310336,2021-04-09 09:09:12,2021-04-09T08:09:12.873000Z,SEK,XSTO,XSTO,MonetaryAmount,N,12-------PH---,000072589,714.0,7,,,
420,6300,2021-04-09 09:09:12,2021-04-09T08:09:12.873000Z,SE0000310336,2021-04-09 09:09:12,2021-04-09T08:09:12.873000Z,SEK,XSTO,XSTO,MonetaryAmount,N,12-------PH---,000072590,714.0,100,,,
421,6299,2021-04-09 09:09:12,2021-04-09T08:09:12.873000Z,SE0000310336,2021-04-09 09:09:12,2021-04-09T08:09:12.873000Z,SEK,XSTO,XSTO,MonetaryAmount,N,12-------PH---,000072591,714.0,1,,,
422,6298,2021-04-09 09:09:12,2021-04-09T08:09:12.873000Z,SE0000310336,2021-04-09 09:09:12,2021-04-09T08:09:12.873000Z,SEK,XSTO,XSTO,MonetaryAmount,N,12-------PH---,000072592,714.0,4,,,
423,6297,2021-04-09 09:09:12,2021-04-09T08:09:12.873000Z,SE0000310336,2021-04-09 09:09:12,2021-04-09T08:09:12.873000Z,SEK,XSTO,XSTO,MonetaryAmount,N,12-------PH---,000072593,714.0,13,,,
424,6296,2021-04-09 09:09:17,2021-04-09T08:09:17.277000Z,SE0000310336,2021-04-09 09:09:17,2021-04-09T08:09:17.277000Z,SEK,XSTO,XSTO,MonetaryAmount,N,12-------PH---,000072875,713.8,3,,,
425,6295,2021-04-09 09:09:23,2021-04-09T08:09:23.040000Z,SE0000310336,2021-04-09 09:09:23,2021-04-09T08:09:23.040000Z,SEK,XSTO,XSTO,MonetaryAmount,N,12-------PH---,000073366,713.6,2,,,
426,6294,2021-04-09 09:09:23,2021-04-09T08:09:23.043000Z,SE0000310336,2021-04-09 09:09:23,2021-04-09T08:09:23.043000Z,SEK,XSTO,XSTO,MonetaryAmount,N,12-------PH---,000073367,713.2,90,,,
427,6293,2021-04-09 09:09:23,2021-04-09T08:09:23.043000Z,SE0000310336,2021-04-09 09:09:23,2021-04-09T08:09:23.043000Z,SEK,XSTO,XSTO,MonetaryAmount,N,12-------PH---,000073368,713.2,51,,,
428,6292,2021-04-09 09:09:23,2021-04-09T08:09:23.043000Z,SE0000310336,2021-04-09 09:09:23,2021-04-09T08:09:23.043000Z,SEK,XSTO,XSTO,MonetaryAmount,N,12-------PH---,000073369,713.2,49,,,
429,6291,2021-04-09 09:09:23,2021-04-09T08:09:23.143000Z,SE0000310336,2021-04-09 09:09:23,2021-04-09T08:09:23.143000Z,SEK,XSTO,XSTO,MonetaryAmount,N,12-------PH---,000073400,713.4,90,,,
430,6290,2021-04-09 09:09:23,2021-04-09T08:09:23.143000Z,SE0000310336,2021-04-09 09:09:23,2021-04-09T08:09:23.143000Z,SEK,XSTO,XSTO,MonetaryAmount,N,12-------PH---,000073401,713.6,10,,,
431,6289,2021-04-09 09:09:29,2021-04-09T08:09:29.020000Z,SE0000310336,2021-04-09 09:09:29,2021-04-09T08:09:29.020000Z,SEK,XSTO,XSTO,MonetaryAmount,N,12-------PH---,000073758,713.4,1,,,
432,6288,2021-04-09 09:09:35,2021-04-09T08:09:35.077000Z,SE0000310336,2021-04-09 09:09:35,2021-04-09T08:09:35.077000Z,SEK,XSTO,XSTO,MonetaryAmount,N,12-------PH---,000074194,713.6,2,,,
433,6287,2021-04-09 09:09:35,2021-04-09T08:09:35.077000Z,SE0000310336,2021-04-09 09:09:35,2021-04-09T08:09:35.077000Z,SEK,XSTO,XSTO,MonetaryAmount,N,12-------PH---,000074195,713.6,88,,,
434,6286,2021-04-09 09:09:37,2021-04-09T08:09:37.873000Z,SE0000310336,2021-04-09 09:09:37,2021-04-09T08:09:37.873000Z,SEK,XSTO,XSTO,MonetaryAmount,N,12-------PH---,000074378,713.4,68,,,
435,6285,2021-04-09 09:09:45,2021-04-09T08:09:45.027000Z,SE0000310336,2021-04-09 09:09:45,2021-04-09T08:09:45.027000Z,SEK,XSTO,XSTO,MonetaryAmount,N,12-------PH---,000074869,713.0,1,,,
436,6284,2021-04-09 09:09:51,2021-04-09T08:09:51.417000Z,SE0000310336,2021-04-09 09:09:51,2021-04-09T08:09:51.417000Z,SEK,XSTO,XSTO,MonetaryAmount,N,12-------PH---,000075291,712.8,1,,,
437,6283,2021-04-09 09:09:57,2021-04-09T08:09:57.707000Z,SE0000310336,2021-04-09 09:09:57,2021-04-09T08:09:57.707000Z,SEK,XSTO,XSTO,MonetaryAmount,N,12-------PH---,000075819,712.8,7,,,
438,6282,2021-04-09 09:09:58,2021-04-09T08:09:58.807000Z,SE0000310336,2021-04-09 09:09:58,2021-04-09T08:09:58.807000Z,SEK,XSTO,XSTO,MonetaryAmount,N,12-------PH---,000075896,712.4,33,,,
439,6281,2021-04-09 09:09:58,2021-04-09T08:09:58.807000Z,SE0000310336,2021-04-09 09:09:58,2021-04-09T08:09:58.807000Z,SEK,XSTO,XSTO,MonetaryAmount,N,12-------PH---,000075897,712.4,90,,,
440,6280,2021-04-09 09:09:58,2021-04-09T08:09:58.807000Z,SE0000310336,2021-04-09 09:09:58,2021-04-09T08:09:58.807000Z,SEK,XSTO,XSTO,MonetaryAmount,N,12-------PH---,000075898,712.4,39,,,
441,6279,2021-04-09 09:09:58,2021-04-09T08:09:58.807000Z,SE0000310336,2021-04-09 09:09:58,2021-04-09T08:09:58.807000Z,SEK,XSTO,XSTO,MonetaryAmount,N,12-------PH---,000075899,712.4,1,,,
442,6278,2021-04-09 09:09:58,2021-04-09T08:09:58.807000Z,SE0000310336,2021-04-09 09:09:58,2021-04-09T08:09:58.807000Z,SEK,XSTO,XSTO,MonetaryAmount,N,12-------PH---,000075900,712.2,82,,,
443,6277,2021-04-09 09:09:58,2021-04-09T08:09:58.807000Z,SE0000310336,2021-04-09 09:09:58,2021-04-09T08:09:58.807000Z,SEK,XSTO,XSTO,MonetaryAmount,N,12-------PH---,000075901,712.2,100,,,
444,6276,2021-04-09 09:09:58,2021-04-09T08:09:58.807000Z,SE0000310336,2021-04-09 09:09:58,2021-04-09T08:09:58.807000Z,SEK,XSTO,XSTO,MonetaryAmount,N,12-------PH---,000075902,712.0,280,,,
445,6275,2021-04-09 09:09:58,2021-04-09T08:09:58.807000Z,SE0000310336,2021-04-09 09:09:58,2021-04-09T08:09:58.807000Z,SEK,XSTO,XSTO,MonetaryAmount,N,12-------PH---,000075903,712.0,18,,,
446,6274,2021-04-09 09:09:58,2021-04-09T08:09:58.807000Z,SE0000310336,2021-04-09 09:09:58,2021-04-09T08:09:58.807000Z,SEK,XSTO,XSTO,MonetaryAmount,N,12-------PH---,000075904,712.0,82,,,
447,6273,2021-04-09 09:09:58,2021-04-09T08:09:58.807000Z,SE0000310336,2021-04-09 09:09:58,2021-04-09T08:09:58.807000Z,SEK,XSTO,XSTO,MonetaryAmount,N,12-------PH---,000075905,712.0,1,,,
448,6272,2021-04-09 09:09:58,2021-04-09T08:09:58.807000Z,SE0000310336,2021-04-09 09:09:58,2021-04-09T08:09:58.807000Z,SEK,XSTO,XSTO,MonetaryAmount,N,12-------PH---,000075906,712.0,10,,,
449,6271,2021-04-09 09:09:58,2021-04-09T08:09:58.807000Z,SE0000310336,2021-04-09 09:09:58,2021-04-09T08:09:58.807000Z,SEK,XSTO,XSTO,MonetaryAmount,N,12-------PH---,000075907,712.0,1,,,
450,6270,2021-04-09 09:09:58,2021-04-09T08:09:58.807000Z,SE0000310336,2021-04-09 09:09:58,2021-04-09T08:09:58.807000Z,SEK,XSTO,XSTO,MonetaryAmount,N,12-------PH---,000075908,712.0,100,,,
451,6269,2021-04-09 09:09:58,2021-04-09T08:09:58.837000Z,SE0000310336,2021-04-09 09:09:58,2021-04-09T08:09:58.837000Z,SEK,XSTO,XSTO,MonetaryAmount,N,12-------PH---,000075917,712.2,39,,,
452,6268,2021-04-09 09:09:59,2021-04-09T08:09:59.033000Z,SE0000310336,2021-04-09 09:09:59,2021-04-09T08:09:59.033000Z,SEK,MSTO,XSTO,MonetaryAmount,N,5U-------PH---,000075933,711.9,21,,,Auction On Demand
453,6267,2021-04-09 09:09:59,2021-04-09T08:09:59.120000Z,SE0000310336,2021-04-09 09:09:59,2021-04-09T08:09:59.120000Z,SEK,XSTO,XSTO,MonetaryAmount,N,12-------PH---,000075935,712.0,33,,,
454,6266,2021-04-09 09:09:59,2021-04-09T08:09:59.120000Z,SE0000310336,2021-04-09 09:09:59,2021-04-09T08:09:59.120000Z,SEK,XSTO,XSTO,MonetaryAmount,N,12-------PH---,000075936,712.0,2,,,
455,6265,2021-04-09 09:09:59,2021-04-09T08:09:59.120000Z,SE0000310336,2021-04-09 09:09:59,2021-04-09T08:09:59.120000Z,SEK,XSTO,XSTO,MonetaryAmount,N,12-------PH---,000075937,712.0,2,,,
456,6264,2021-04-09 09:09:59,2021-04-09T08:09:59.120000Z,SE0000310336,2021-04-09 09:09:59,2021-04-09T08:09:59.120000Z,SEK,XSTO,XSTO,MonetaryAmount,N,12-------PH---,000075938,712.0,210,,,
457,6263,2021-04-09 09:09:59,2021-04-09T08:09:59.120000Z,SE0000310336,2021-04-09 09:09:59,2021-04-09T08:09:59.120000Z,SEK,XSTO,XSTO,MonetaryAmount,N,12-------PH---,000075939,712.0,35,,,
458,6262,2021-04-09 09:09:59,2021-04-09T08:09:59.783000Z,SE0000310336,2021-04-09 09:09:59,2021-04-09T08:09:59.783000Z,SEK,XSTO,XSTO,MonetaryAmount,N,12-------PH---,000076011,711.8,39,,,
459,6261,2021-04-09 09:09:59,2021-04-09T08:09:59.783000Z,SE0000310336,2021-04-09 09:09:59,2021-04-09T08:09:59.783000Z,SEK,XSTO,XSTO,MonetaryAmount,N,12-------PH---,000076012,711.8,90,,,
460,6260,2021-04-09 09:09:59,2021-04-09T08:09:59.947000Z,SE0000310336,2021-04-09 09:09:59,2021-04-09T08:09:59.947000Z,SEK,XSTO,XSTO,MonetaryAmount,N,12-------PH---,000076024,711.8,90,,,
461,6259,2021-04-09 09:09:59,2021-04-09T08:09:59.947000Z,SE0000310336,2021-04-09 09:09:59,2021-04-09T08:09:59.947000Z,SEK,XSTO,XSTO,MonetaryAmount,N,12-------PH---,000076025,711.8,54,,,
462,6258,2021-04-09 09:09:59,2021-04-09T08:09:59.947000Z,SE0000310336,2021-04-09 09:09:59,2021-04-09T08:09:59.947000Z,SEK,XSTO,XSTO,MonetaryAmount,N,12-------PH---,000076026,711.8,2,,,
463,6257,2021-04-09 09:09:59,2021-04-09T08:09:59.967000Z,SE0000310336,2021-04-09 09:09:59,2021-04-09T08:09:59.967000Z,SEK,XSTO,XSTO,MonetaryAmount,N,12-------P----,000076034,711.8,26,,,
464,6256,2021-04-09 09:10:00,2021-04-09T08:10:00.133000Z,SE0000310336,2021-04-09 09:10:00,2021-04-09T08:10:00.133000Z,SEK,XSTO,XSTO,MonetaryAmount,N,12-------PH---,000076108,712.0,35,,,
465,6255,2021-04-09 09:10:00,2021-04-09T08:10:00.133000Z,SE0000310336,2021-04-09 09:10:00,2021-04-09T08:10:00.133000Z,SEK,XSTO,XSTO,MonetaryAmount,N,12-------PH---,000076109,712.0,82,,,
466,6254,2021-04-09 09:10:00,2021-04-09T08:10:00.133000Z,SE0000310336,2021-04-09 09:10:00,2021-04-09T08:10:00.133000Z,SEK,XSTO,XSTO,MonetaryAmount,N,12-------PH---,000076110,712.0,167,,,
467,6253,2021-04-09 09:10:00,2021-04-09T08:10:00.133000Z,SE0000310336,2021-04-09 09:10:00,2021-04-09T08:10:00.133000Z,SEK,XSTO,XSTO,MonetaryAmount,N,12-------PH---,000076111,712.0,167,,,
468,6252,2021-04-09 09:10:02,2021-04-09T08:10:02.050000Z,SE0000310336,2021-04-09 09:10:02,2021-04-09T08:10:02.050000Z,SEK,XSTO,XSTO,MonetaryAmount,N,12-------PH---,000076262,712.0,14,,,
469,6251,2021-04-09 09:10:02,2021-04-09T08:10:02.050000Z,SE0000310336,2021-04-09 09:10:02,2021-04-09T08:10:02.050000Z,SEK,XSTO,XSTO,MonetaryAmount,N,12-------PH---,000076263,712.0,21,,,
470,6250,2021-04-09 09:10:02,2021-04-09T08:10:02.050000Z,SE0000310336,2021-04-09 09:10:02,2021-04-09T08:10:02.050000Z,SEK,XSTO,XSTO,MonetaryAmount,N,12-------PH---,000076264,712.0,8,,,
471,6249,2021-04-09 09:10:02,2021-04-09T08:10:02.050000Z,SE0000310336,2021-04-09 09:10:02,2021-04-09T08:10:02.050000Z,SEK,XSTO,XSTO,MonetaryAmount,N,12-------PH---,000076265,712.0,29,,,
472,6248,2021-04-09 09:10:02,2021-04-09T08:10:02.050000Z,SE0000310336,2021-04-09 09:10:02,2021-04-09T08:10:02.050000Z,SEK,XSTO,XSTO,MonetaryAmount,N,12-------PH---,000076266,712.0,107,,,
473,6247,2021-04-09 09:10:02,2021-04-09T08:10:02.097000Z,SE0000310336,2021-04-09 09:10:02,2021-04-09T08:10:02.097000Z,SEK,XSTO,XSTO,MonetaryAmount,N,12-------PH---,000076276,712.0,53,,,
474,6246,2021-04-09 09:10:02,2021-04-09T08:10:02.173000Z,SE0000310336,2021-04-09 09:10:02,2021-04-09T08:10:02.173000Z,SEK,XSTO,XSTO,MonetaryAmount,N,12-------PH---,000076284,712.0,22,,,
475,6245,2021-04-09 09:10:02,2021-04-09T08:10:02.190000Z,SE0000310336,2021-04-09 09:10:02,2021-04-09T08:10:02.190000Z,SEK,XSTO,XSTO,MonetaryAmount,N,12-------PH---,000076285,712.0,13,,,
476,6244,2021-04-09 09:10:03,2021-04-09T08:10:03.867000Z,SE0000310336,2021-04-09 09:10:03,2021-04-09T08:10:03.867000Z,SEK,XSTO,XSTO,MonetaryAmount,N,12-------PH---,000076425,712.2,3,,,
477,6243,2021-04-09 09:10:03,2021-04-09T08:10:03.867000Z,SE0000310336,2021-04-09 09:10:03,2021-04-09T08:10:03.867000Z,SEK,XSTO,XSTO,MonetaryAmount,N,12-------PH---,000076426,712.2,37,,,
478,6242,2021-04-09 09:10:03,2021-04-09T08:10:03.867000Z,SE0000310336,2021-04-09 09:10:03,2021-04-09T08:10:03.867000Z,SEK,XSTO,XSTO,MonetaryAmount,N,12-------PH---,000076427,712.2,94,,,
479,6241,2021-04-09 09:10:03,2021-04-09T08:10:03.897000Z,SE0000310336,2021-04-09 09:10:03,2021-04-09T08:10:03.897000Z,SEK,XSTO,XSTO,MonetaryAmount,N,12-------PH---,000076429,712.2,57,,,
480,6240,2021-04-09 09:10:05,2021-04-09T08:10:05.053000Z,SE0000310336,2021-04-09 09:10:05,2021-04-09T08:10:05.053000Z,SEK,XSTO,XSTO,MonetaryAmount,N,12-------PH---,000076512,712.4,4,,,
481,6239,2021-04-09 09:10:05,2021-04-09T08:10:05.053000Z,SE0000310336,2021-04-09 09:10:05,2021-04-09T08:10:05.053000Z,SEK,XSTO,XSTO,MonetaryAmount,N,12-------PH---,000076513,712.4,96,,,
482,6238,2021-04-09 09:10:05,2021-04-09T08:10:05.053000Z,SE0000310336,2021-04-09 09:10:05,2021-04-09T08:10:05.053000Z,SEK,XSTO,XSTO,MonetaryAmount,N,12-------PH---,000076514,712.4,118,,,
483,6237,2021-04-09 09:10:05,2021-04-09T08:10:05.093000Z,SE0000310336,2021-04-09 09:10:05,2021-04-09T08:10:05.093000Z,SEK,XSTO,XSTO,MonetaryAmount,N,12-------PH---,000076517,712.4,118,,,
484,6236,2021-04-09 09:10:05,2021-04-09T08:10:05.893000Z,SE0000310336,2021-04-09 09:10:05,2021-04-09T08:10:05.893000Z,SEK,XSTO,XSTO,MonetaryAmount,N,12-------PH---,000076594,712.8,10,,,
485,6235,2021-04-09 09:10:08,2021-04-09T08:10:08.037000Z,SE0000310336,2021-04-09 09:10:08,2021-04-09T08:10:08.037000Z,SEK,XSTO,XSTO,MonetaryAmount,N,12-------PH---,000076741,712.4,52,,,
486,6234,2021-04-09 09:10:08,2021-04-09T08:10:08.037000Z,SE0000310336,2021-04-09 09:10:08,2021-04-09T08:10:08.037000Z,SEK,XSTO,XSTO,MonetaryAmount,N,12-------PH---,000076742,712.4,38,,,
487,6233,2021-04-09 09:10:08,2021-04-09T08:10:08.037000Z,SE0000310336,2021-04-09 09:10:08,2021-04-09T08:10:08.037000Z,SEK,XSTO,XSTO,MonetaryAmount,N,12-------PH---,000076743,712.4,1,,,
488,6232,2021-04-09 09:10:08,2021-04-09T08:10:08.037000Z,SE0000310336,2021-04-09 09:10:08,2021-04-09T08:10:08.037000Z,SEK,XSTO,XSTO,MonetaryAmount,N,12-------PH---,000076744,712.2,47,,,
489,6231,2021-04-09 09:10:14,2021-04-09T08:10:14.477000Z,SE0000310336,2021-04-09 09:10:14,2021-04-09T08:10:14.477000Z,SEK,XSTO,XSTO,MonetaryAmount,N,12-------PH---,000077189,712.6,15,,,
490,6230,2021-04-09 09:10:16,2021-04-09T08:10:16.817000Z,SE0000310336,2021-04-09 09:10:16,2021-04-09T08:10:16.817000Z,SEK,XSTO,XSTO,MonetaryAmount,N,12-------PH---,000077401,712.4,2,,,
491,6229,2021-04-09 09:10:16,2021-04-09T08:10:16.817000Z,SE0000310336,2021-04-09 09:10:16,2021-04-09T08:10:16.817000Z,SEK,XSTO,XSTO,MonetaryAmount,N,12-------PH---,000077402,712.6,32,,,
492,6228,2021-04-09 09:10:16,2021-04-09T08:10:16.817000Z,SE0000310336,2021-04-09 09:10:16,2021-04-09T08:10:16.817000Z,SEK,XSTO,XSTO,MonetaryAmount,N,12-------PH---,000077403,712.6,48,,,
493,6227,2021-04-09 09:10:19,2021-04-09T08:10:19.347000Z,SE0000310336,2021-04-09 09:10:19,2021-04-09T08:10:19.347000Z,SEK,XSTO,XSTO,MonetaryAmount,N,12-------PH---,000077582,712.8,26,,,
494,6226,2021-04-09 09:10:19,2021-04-09T08:10:19.347000Z,SE0000310336,2021-04-09 09:10:19,2021-04-09T08:10:19.347000Z,SEK,XSTO,XSTO,MonetaryAmount,N,12-------PH---,000077583,712.8,58,,,
495,6225,2021-04-09 09:10:19,2021-04-09T08:10:19.347000Z,SE0000310336,2021-04-09 09:10:19,2021-04-09T08:10:19.347000Z,SEK,XSTO,XSTO,MonetaryAmount,N,12-------PH---,000077584,712.8,64,,,
496,6224,2021-04-09 09:10:26,2021-04-09T08:10:26.947000Z,SE0000310336,2021-04-09 09:10:26,2021-04-09T08:10:26.947000Z,SEK,XSTO,XSTO,MonetaryAmount,N,12-------PH---,000078151,713.0,31,,,
497,6223,2021-04-09 09:10:26,2021-04-09T08:10:26.947000Z,SE0000310336,2021-04-09 09:10:26,2021-04-09T08:10:26.947000Z,SEK,XSTO,XSTO,MonetaryAmount,N,12-------PH---,000078152,713.0,1,,,
498,6222,2021-04-09 09:10:28,2021-04-09T08:10:28.980000Z,SE0000310336,2021-04-09 09:10:28,2021-04-09T08:10:28.980000Z,SEK,XSTO,XSTO,MonetaryAmount,N,45-3-----PH---,F050095670,712.8,24,,,Standard Routed Trade
499,6221,2021-04-09 09:10:29,2021-04-09T08:10:29.293000Z,SE0000310336,2021-04-09 09:10:29,2021-04-09T08:10:29.293000Z,SEK,XSTO,XSTO,MonetaryAmount,N,12-------PH---,000078308,713.2,2,,,
500,6220,2021-04-09 09:10:33,2021-04-09T08:10:33.157000Z,SE0000310336,2021-04-09 09:10:33,2021-04-09T08:10:33.157000Z,SEK,XSTO,XSTO,MonetaryAmount,N,12-------PH---,000078523,713.0,90,,,
501,6219,2021-04-09 09:10:33,2021-04-09T08:10:33.180000Z,SE0000310336,2021-04-09 09:10:33,2021-04-09T08:10:33.180000Z,SEK,XSTO,XSTO,MonetaryAmount,N,12-------P----,000078526,712.8,38,,,
502,6218,2021-04-09 09:10:33,2021-04-09T08:10:33.180000Z,SE0000310336,2021-04-09 09:10:33,2021-04-09T08:10:33.180000Z,SEK,XSTO,XSTO,MonetaryAmount,N,12-------PH---,000078527,712.8,310,,,
503,6217,2021-04-09 09:10:33,2021-04-09T08:10:33.180000Z,SE0000310336,2021-04-09 09:10:33,2021-04-09T08:10:33.180000Z,SEK,XSTO,XSTO,MonetaryAmount,N,12-------PH---,000078528,712.8,116,,,
504,6216,2021-04-09 09:10:33,2021-04-09T08:10:33.197000Z,SE0000310336,2021-04-09 09:10:33,2021-04-09T08:10:33.197000Z,SEK,XSTO,XSTO,MonetaryAmount,N,12-------PH---,000078530,713.0,15,,,
505,6215,2021-04-09 09:10:34,2021-04-09T08:10:34.600000Z,SE0000310336,2021-04-09 09:10:34,2021-04-09T08:10:34.600000Z,SEK,XSTO,XSTO,MonetaryAmount,N,12-------PH---,000078644,712.8,20,,,
506,6214,2021-04-09 09:10:36,2021-04-09T08:10:36.890000Z,SE0000310336,2021-04-09 09:10:36,2021-04-09T08:10:36.890000Z,SEK,XSTO,XSTO,MonetaryAmount,N,12-------PH---,000078828,712.6,10,,,
507,6213,2021-04-09 09:10:36,2021-04-09T08:10:36.890000Z,SE0000310336,2021-04-09 09:10:36,2021-04-09T08:10:36.890000Z,SEK,XSTO,XSTO,MonetaryAmount,N,12-------PH---,000078829,712.6,37,,,
508,6212,2021-04-09 09:10:36,2021-04-09T08:10:36.890000Z,SE0000310336,2021-04-09 09:10:36,2021-04-09T08:10:36.890000Z,SEK,XSTO,XSTO,MonetaryAmount,N,12-------PH---,000078830,712.6,105,,,
509,6211,2021-04-09 09:10:36,2021-04-09T08:10:36.890000Z,SE0000310336,2021-04-09 09:10:36,2021-04-09T08:10:36.890000Z,SEK,XSTO,XSTO,MonetaryAmount,N,12-------PH---,000078831,712.6,4,,,
510,6210,2021-04-09 09:10:36,2021-04-09T08:10:36.890000Z,SE0000310336,2021-04-09 09:10:36,2021-04-09T08:10:36.890000Z,SEK,XSTO,XSTO,MonetaryAmount,N,12-------PH---,000078832,712.6,896,,,
511,6209,2021-04-09 09:10:36,2021-04-09T08:10:36.890000Z,SE0000310336,2021-04-09 09:10:36,2021-04-09T08:10:36.890000Z,SEK,XSTO,XSTO,MonetaryAmount,N,12-------PH---,000078833,712.6,44,,,
512,6208,2021-04-09 09:10:38,2021-04-09T08:10:38.153000Z,SE0000310336,2021-04-09 09:10:38,2021-04-09T08:10:38.153000Z,SEK,XSTO,XSTO,MonetaryAmount,N,12-------PH---,000078901,712.6,66,,,
513,6207,2021-04-09 09:10:39,2021-04-09T08:10:39.513000Z,SE0000310336,2021-04-09 09:10:39,2021-04-09T08:10:39.513000Z,SEK,XSTO,XSTO,MonetaryAmount,N,12-------PH---,000078986,712.4,38,,,
514,6206,2021-04-09 09:10:39,2021-04-09T08:10:39.513000Z,SE0000310336,2021-04-09 09:10:39,2021-04-09T08:10:39.513000Z,SEK,XSTO,XSTO,MonetaryAmount,N,12-------PH---,000078987,712.4,1,,,
515,6205,2021-04-09 09:10:48,2021-04-09T08:10:48.230000Z,SE0000310336,2021-04-09 09:10:48,2021-04-09T08:10:48.230000Z,SEK,XSTO,XSTO,MonetaryAmount,N,12-------PH---,000079617,712.8,90,,,
516,6204,2021-04-09 09:10:48,2021-04-09T08:10:48.230000Z,SE0000310336,2021-04-09 09:10:48,2021-04-09T08:10:48.230000Z,SEK,XSTO,XSTO,MonetaryAmount,N,12-------P----,000079618,712.8,121,,,
517,6203,2021-04-09 09:10:48,2021-04-09T08:10:48.230000Z,SE0000310336,2021-04-09 09:10:48,2021-04-09T08:10:48.230000Z,SEK,XSTO,XSTO,MonetaryAmount,N,12-------P----,000079619,712.8,161,,,
518,6202,2021-04-09 09:10:49,2021-04-09T08:10:49.667000Z,SE0000310336,2021-04-09 09:10:49,2021-04-09T08:10:49.667000Z,SEK,XSTO,XSTO,MonetaryAmount,N,12-------PH---,000079684,712.8,2,,,
519,6201,2021-04-09 09:10:57,2021-04-09T08:10:57.897000Z,SE0000310336,2021-04-09 09:10:57,2021-04-09T08:10:57.897000Z,SEK,XSTO,XSTO,MonetaryAmount,N,12-------PH---,000080451,712.6,20,,,
520,6200,2021-04-09 09:10:57,2021-04-09T08:10:57.927000Z,SE0000310336,2021-04-09 09:10:57,2021-04-09T08:10:57.927000Z,SEK,XSTO,XSTO,MonetaryAmount,N,12-------PH---,000080459,712.6,53,,,
521,6199,2021-04-09 09:11:03,2021-04-09T08:11:03.237000Z,SE0000310336,2021-04-09 09:11:03,2021-04-09T08:11:03.237000Z,SEK,XSTO,XSTO,MonetaryAmount,N,12-------PH---,000080967,712.4,1,,,
522,6198,2021-04-09 09:11:18,2021-04-09T08:11:18.717000Z,SE0000310336,2021-04-09 09:11:18,2021-04-09T08:11:18.717000Z,SEK,XSTO,XSTO,MonetaryAmount,N,12-------PH---,000082076,712.6,34,,,
523,6197,2021-04-09 09:11:18,2021-04-09T08:11:18.717000Z,SE0000310336,2021-04-09 09:11:18,2021-04-09T08:11:18.717000Z,SEK,XSTO,XSTO,MonetaryAmount,N,12-------PH---,000082077,712.6,108,,,
524,6196,2021-04-09 09:11:18,2021-04-09T08:11:18.717000Z,SE0000310336,2021-04-09 09:11:18,2021-04-09T08:11:18.717000Z,SEK,XSTO,XSTO,MonetaryAmount,N,12-------PH---,000082078,712.6,52,,,
525,6195,2021-04-09 09:11:18,2021-04-09T08:11:18.717000Z,SE0000310336,2021-04-09 09:11:18,2021-04-09T08:11:18.717000Z,SEK,XSTO,XSTO,MonetaryAmount,N,12-------PH---,000082079,712.6,90,,,
526,6194,2021-04-09 09:11:29,2021-04-09T08:11:29.250000Z,SE0000310336,2021-04-09 09:11:29,2021-04-09T08:11:29.250000Z,SEK,XSTO,XSTO,MonetaryAmount,N,12-------PH---,000082820,712.6,91,,,
527,6193,2021-04-09 09:11:35,2021-04-09T08:11:35.483000Z,SE0000310336,2021-04-09 09:11:35,2021-04-09T08:11:35.483000Z,SEK,XSTO,XSTO,MonetaryAmount,N,12-------PH---,000083281,712.8,1,,,
528,6192,2021-04-09 09:11:35,2021-04-09T08:11:35.483000Z,SE0000310336,2021-04-09 09:11:35,2021-04-09T08:11:35.487000Z,SEK,XSTO,XSTO,MonetaryAmount,N,12-------PH---,000083282,712.8,27,,,
529,6191,2021-04-09 09:11:39,2021-04-09T08:11:39.297000Z,SE0000310336,2021-04-09 09:11:39,2021-04-09T08:11:39.297000Z,SEK,XSTO,XSTO,MonetaryAmount,N,12-------PH---,000083485,712.8,190,,,
530,6190,2021-04-09 09:11:49,2021-04-09T08:11:49.230000Z,SE0000310336,2021-04-09 09:11:49,2021-04-09T08:11:49.230000Z,SEK,XSTO,XSTO,MonetaryAmount,N,12-------PH---,000084057,712.8,18,,,
531,6189,2021-04-09 09:11:51,2021-04-09T08:11:51.043000Z,SE0000310336,2021-04-09 09:11:51,2021-04-09T08:11:51.043000Z,SEK,XSTO,XSTO,MonetaryAmount,N,12-------PH---,000084260,713.0,23,,,
